2382 4140
372 333 606 390 nncocrrnrms
875 315 942 389 105

120 449 232 530 Digere
253 461 317 532 per*
327 450 483 514 duodecim
505 453 592 514 horas
611 469 683 515 vase
705 449 805 514 clauso
827 462 858 514 et
889 473 940 514 cc·

79 570 141 632 quc
155 549 215 612 leni
230 549 299 631 igne
313 552 352 612 ad
364 549 456 613 libras
468 561 613 634 quatuor,
626 551 764 614 addendo
779 551 836 614 cub
849 551 940 616 finem

80 649 186 711 Sccbis
206 649 292 732 Ligni
314 649 461 714 Sassniras
483 656 599 713 unciam
621 670 726 732 unam,
848 659 851 668 ‘

82 750 295 834 Glycyrrhizae
316 771 399 813 rasae
420 763 451 812 et
473 767 621 814 cantuae
636 751 810 815 drachmam
829 735 927 816 unam

108 851 184 910 Cala
205 864 236 926 et
256 871 309 932 per
328 851 540 914 subsidentium
561 852 691 916 defaeca.

144 949 237 1011 Duris
256 950 295 1012 ab
316 953 411 1012 unciis
431 968 563 1034 quatuor
582 954 626 1014 ad
647 955 753 1014 uncias
777 971 841 1013 sex.
932 974 935 980 ’

41 1143 279 1209 DECOCTUM
300 1135 683 1244 stasaapnaalndass
708 1147 767 1214 Ex
786 1146 942 1213 CALLAC

308 1286 457 1368 (Ptirana
477 1307 519 1350 ex
542 1287 682 1366 Callae).

42 1422 83 1525 lt),
103 1444 220 1506 Radici's
243 1445 484 1528 Sarsaeparriliae
504 1446 613 1508 incisae
634 1446 735 1508 uncias
756 1447 830 1510 duan
840 1491 848 1527 ,

82 1547 219 1608 Muriatis
253 1545 440 1630 Hydrargyri
470 1532 620 1608 sublimati
650 1547 783 1630 (dulcis)
805 1546 944 1629 laevigati

125 1654 156 1705 et
177 1646 207 1702 in
227 1646 305 1725 petia
326 1643 408 1725 ligati
429 1645 586 1706 drachmas
609 1643 698 1718 duas,

84 1746 189 1828 Aquae
208 1743 298 1817 libras
320 1742 498 1825 quindecim.

126 1845 232 1924 Coque
260 1841 292 1902 in
313 1861 383 1909 vase
404 1855 505 1906 terreo
526 1847 651 1908 vitream
671 1848 710 1910 ad
730 1846 944 1912 remanentiam

83 1947 188 2007 tertiae
210 1939 320 2026 partis3
342 1957 445 2025 postea
466 1945 543 2006 addc

82 2044 243 2110 Foliorum
264 2045 381 2106 Sennae
402 2037 563 2108 mundatae
585 2048 701 2108 unciam
722 2067 835 2127 unam,

84 2144 213 2207 Seminis
235 2142 390 2205 coriandri
411 2147 526 2204 contusi
548 2145 703 2207 drachmas
723 2167 795 2231 sex²

82 2245 238 2328 Sulphatis
259 2243 414 2316 dluminae
434 2244 607 2306 drachmum
629 2249 724 2309 sernia.

125 2346 239 2405 Iterum
261 2363 358 2424 coque
379 2363 431 2423 per
450 2344 543 2404 horae
571 2345 784 2424 quadrantem,
813 2346 850 2405 nb
877 2344 946 2427 igne

83 2453 189 2527 separa
211 2441 327 2525 etjmst
348 2441 674 2530 semiresrigerntionem
695 2445 762 2506 cola
782 2446 820 2506 ad
840 2465 937 2506 usum.

318 2541 411 2602 Doris
430 2541 474 2603 ad
493 2542 596 2604 uncias
616 2563 679 2604 sea.
730 2618 732 2622 Δ

182 2701 417 2772 DECOCTUM
438 2649 815 2768 snasnEPanaiLLaE

316 2801 638 2862 *EnULcoaAua
689 2831 693 2842 ·

44 2920 87 3022 F).
108 2939 226 3004 Radicis
249 2939 455 3024 Sarraepnrril.
478 2939 608 3016 incisae,

249 3039 363 3100 Chinae
384 3051 547 3116 contusae,

86 3137 194 3200 Scobis
216 3137 329 3198 Santaii
349 3136 440 3198 Rubri
461 3140 616 3198 drachmas
637 3157 710 3218 sex,

214 3238 316 3297 Cornu
338 3236 425 3297 Cervi
447 3241 674 3318 sesquiunciam.

128 3335 237 3417 Digere
267 3358 320 3418 per
348 3336 451 3418 viginti
478 3349 609 3418 quatuor
637 3338 724 3397 horas
746 3345 778 3396 ct
798 3355 894 3415 coque
916 3333 947 3394 in

86 3437 191 3515 Aquae
223 3435 301 3498 libris
323 3435 481 3500 duodecim
508 3439 547 3499 ad
578 3436 666 3499 libras
686 3454 757 3512 εει,
778 3434 833 3498 sub
855 3431 946 3496 finem

89 3532 229 3598 addendo

671 3009 727 3050 ana
747 2985 849 3052 uncias
860 2986 944 3070 duas,
