2368 4142
418 307 606 376 emersam
769 357 774 366 ,
922 311 948 383 9

82 423 159 500 silio
183 427 352 524 Supremo
376 425 426 496 rei
451 447 653 522 praesumus
689 421 948 496 Pharmaeeuti-

77 565 162 636 cae,
187 553 249 634 ut,
279 544 425 639 majore,
451 565 518 638 qua
552 539 684 634 possit,
710 537 794 610 haee
827 550 948 636 quarta

74 657 319 753 Hispaniensis
351 655 654 751 Pharmacopceae
689 652 798 726 editio
833 653 949 750 perle-

78 773 198 846 ctione
223 773 361 844 fruatur.

128 885 284 962 Primum
298 888 538 988 amplectimur
549 887 711 986 libenter,
726 912 949 988 usurpamus·

80 1031 148 1107 que
166 1005 234 1079 sibi
250 1009 400 1080 invicem
415 1005 636 1080 cohaerentia
661 1008 743 1078 artis
768 1005 948 1102 medicae,

74 1121 135 1196 -vel
161 1123 278 1220 potius
303 1121 605 1194 Pharmace'uticae
629 1117 735 1196 verba
765 1145 845 1194 cum
882 1143 948 1193 xrn

76 1239 253 1335 editione,
278 1261 386 1337 eaque
410 1239 601 1312 novissima
626 1240 826 1338 systematis
847 1250 948 1311 natu·

33 1430 37 1440 ,
72 1369 138 1430 'rae
175 1357 241 1429 viri
277 1355 458 1430 clarissimi
489 1353 603 1428 Caroli
631 1355 796 1437 Linnaei.
829 1355 945 1454 operis

77 1497 163 1546 sana
188 1473 225 1543 in
249 1471 353 1544 rebus
380 1473 426 1544 ad
442 1471 598 1544 naturam
616 1470 854 1570 spectantibus
874 1493 947 1544 om·

78 1587 173 1660 nium
201 1585 553 1683 commendatissimi,
584 1591 705 1684 utpote
742 1584 947 1684 ampliorem

75 1728 193 1776 rerum
217 1704 362 1800 triplicis
388 1715 532 1776 naturae
553 1705 668 1800 regni,
691 1713 730 1775 ut
753 1701 945 1802 loquimur,

74 1845 260 1892 numerum
286 1820 559 1918 complectentis.

124 1934 279 2009 Deinde
297 1937 410 2034 capita
436 1937 551 2010 locare
580 1933 709 2034 reliqua
746 1936 947 2032 statuimus,

71 2077 149 2126 non
168 2052 296 2124 eodem
306 2105 317 2148 ,
342 2077 446 2150 quem
459 2049 633 2146 obtinent,
650 2052 730 2122 looo
741 2051 777 2120 in
794 2051 947 2122 editione

72 2181 278 2266 postrema,
313 2167 378 2238 sed
413 2171 506 2265 juxta
540 2167 730 2240 eorundem
763 2167 947 2238 arctiorem

72 2307 224 2379 nexum,
250 2283 551 2354 uecessitudinem.
634 2299 638 2308 “

83 2431 86 2436 ·
124 2391 246 2470 Tertio
260 2398 338 2470 loco
351 2397 519 2494 quasdam
535 2398 760 2494 simplicium,
780 2418 864 2495 quas
883 2406 942 2470 vo'-

73 2527 175 2607 caut,
200 2515 502 2612 praeparationum
527 2515 677 2586 rationes
704 2513 810 2586 semel
840 2527 944 2611 atque

60 2610 199 2702 'iterum
226 2633 403 2727 appositas
429 2625 661 2726 supprimere,
687 2629 741 2703 vel
759 2625 810 2701 'ab
837 2655 943 2728 opere

72 2738 271 2843 expungere
297 2743 534 2838 decrevimus,
560 2757 596 2814 at
621 2744 800 2817 nonnullas
825 2759 944 2817 tamen
971 2736 974 2740 ’

72 2862 288 2934 servavimus
314 2863 578 2957 rerum'species
590 2915 601 2956 ,
627 2885 733 2958 quae,
757 2864 822 2934 etsi
841 2887 945 2957 gene·-

71 2978 179 3048 ratim
212 2977 306 3072 apud
339 3002 404 3048 uos
434 2978 469 3046 in
507 2975 791 3048 desuetudinem·
809 2977 942 3074 abiere,

72 3091 298 3166 nibilominus
315 3091 404 3166 bene
423 3090 545 3163 multas
564 3092 736 3167 adornant
752 3093 942 3165 consentio·

72 3231 158 3302 nes,
184 3231 272 3305 quae
297 3231 315 3280 a
341 3209 489 3284 totidem
515 3207 630 3282 adhuc
663 3209 943 3308 praescribuntur

72 3322 341 3435 professoribus
893 3331 899 3347 ⁴

122 3439 277 3541 Denique
290 3439 431 3542 tabellas
445 3441 598 3516 auximus
618 3442 703 3516 duas
717 3374 941 3540 elplrabetieo
