2398 4144
410 255 611 310 scnonomi
885 234 956 308 203

43 451 50 462 .
93 371 199 433 calore
220 370 251 433 in
272 371 494 456 receptaculum
515 373 647 456 amplum
659 417 670 448 ,
705 372 847 456 juncturis
869 373 959 436 obse·

94 475 186 552 ratis,
207 471 315 532 distillo
335 473 517 549 octodecim,
548 473 596 538 vel
622 471 728 556 viginti
748 471 881 536 Aetheris
902 473 973 544 sic-,

91 568 201 632 nissimi
223 570 335 636 uncias.
1053 553 1056 564 ⁵

146 681 238 739 Doris
258 699 279 738 a
300 680 516 761 senriscrupulo
537 679 582 740 ad
601 678 866 741 semidraclrmam.

135 778 177 840 Ν.
190 781 226 838 Β.
250 777 282 840 Si
302 779 422 862 residuo
442 782 554 864 primae
575 777 771 866 distillationis
786 793 853 860 post
874 778 959 842 resri-

92 876 301 960 gerationem,
321 877 475 941 Alkoholis
497 876 645 962 purissimi
666 878 753 940 libras
772 887 826 940 sert
846 901 899 962 per
913 900 961 962 sy·

91 977 226 1059 phouem
248 989 377 1040 retortae
409 977 580 1054 addideris,
610 989 640 1040 et
671 976 891 1041 distillationem
926 991 961 1041 ut
1030 958 1035 977 l

92 1087 187 1135 antea
208 1075 411 1158 prosequeris,
432 1076 536 1137 libram
557 1097 649 1137 unam
670 1075 808 1137 Aetheris
831 1063 961 1159 Sulphu-

92 1178 149 1235 rici
171 1185 201 1236 et
224 1175 318 1258 libras¹
334 1177 408 1266 duas
433 1175 587 1268 Alkoholis
618 1174 791 1257 Sulphurici
820 1177 961 1238 Aetherei

92 1273 251 1348 Hoffmani
272 1297 324 1358 per
345 1276 587 1338 rectificationem
609 1274 784 1338 obtinebis.¹

309 1435 477 1500 AETHER
497 1435 710 1497 tcnnlcns.

51 1553 92 1656 n).
115 1574 251 1638 Aestatis
273 1575 393 1637 Plumbi
413 1573 548 1637 exsiccati
569 1573 675 1636 uncias
694 1573 865 1654 sexdecim,

113 1673 198 1734 Acidi
222 1673 393 1756 Sulphnrici
414 1676 516 1734 uncias
537 1695 609 1744 sex,
809 1657 815 1667 ¹

113 1773 268 1836 Alloholis
289 1775 358 1838 Vini
378 1773 481 1837 uncias
501 1773 614 1835 decem.

135 1873 222 1932 Mitte
244 1875 401 1934 Acetatem
420 1872 541 1932 Plumbi
564 1875 600 1933 in
615 1883 759 1934 retortam
774 1870 898 1934 vitream
912 1887 960 1934 tu·

90 1972 251 2051 bulatam,
272 1995 361 2054 quam
372 1975 400 2033 in
416 1973 531 2034 balneo
540 1995 646 2034 arenae
661 1973 835 2053 collocabis,
856 1984 961 2056 aptans

90 2071 174 2134 illius
197 2073 276 2174 collo¹
295 2071 487 2154 recipientem
519 2074 691 2140 tubulatum
720 2093 851 2155 quocum
884 2072 959 2135 elius

89 2172 346 2251 communicabit,
379 2184 408 2234 et
441 2173 591 2253 juncturas
623 2173 729 2233 claude
759 2173 836 2249 Mica
868 2169 959 2235 Pauis'

91 2279 182 2356 Aqua
202 2275 341 2335 subacta:
363 2273 423 2334 Seli
444 2273 520 2334 adde
535 2272 661 2334 Acidum
675 2272 884 2355 Sulphuricum
906 2295 959 2357 per
1086 2268 1114 2344 s

90 2377 201 2436 tubum
222 2371 371 2451 retortae,
392 2372 500 2434 deinde
520 2372 721 2446 Alloholem3
742 2383 873 2456 tuncque
889 2395 955 2434 mo-

91 2474 201 2535 derato
223 2478 287 2555 igne
307 2474 346 2533 ad
368 2471 585 2532 distillationem
605 2493 710 2553 perge,
730 2493 799 2532 cum
814 2474 900 2554 Aque
912 2493 958 2533 re·

90 2576 234 2656 cipientes
255 2573 462 2655 frigefaciendo
482 2573 583 2654 quoad
604 2569 710 2653 liquidi
731 2573 834 2632 decem
854 2575 957 2652 uncias

91 2671 280 2735 obtinueris:
299 2671 360 2732 hoc
381 2674 470 2732 misce
482 2691 550 2732 cum
565 2673 723 2730 semiuncia
738 2671 881 2731 Potassae
892 2670 955 2731 Pu·

89 2794 144 2834 rae
166 2772 282 2832 solutae
311 2771 343 2833 in
370 2772 488 2832 duabus
518 2771 567 2833 vel
597 2773 692 2831 tribus
723 2770 817 2833 unciis
843 2772 956 2854 Aquae.

88 2871 208 2933 Distilla
229 2887 329 2934 rursus
357 2869 415 2934 leni
442 2875 507 2953 igne
534 2870 704 2953 usquedum
735 2885 870 2955 septem,
903 2882 956 2934 aut

89 2982 164 3044 octo
186 2975 289 3034 unciae
310 2973 442 3036 Aetheris
463 2970 585 3036 Acetici·
597 2969 746 3032 eveniant.
