<?xml version="1.0" encoding="UTF-8"?>
<!DOCTYPE html PUBLIC "-//W3C//DTD XHTML 1.0 Transitional//EN"
    "http://www.w3.org/TR/xhtml1/DTD/xhtml1-transitional.dtd">
<html xmlns="http://www.w3.org/1999/xhtml" xml:lang="en" lang="en">
 <head>
  <title>
</title>
<meta http-equiv="Content-Type" content="text/html;charset=utf-8" />
  <meta name='ocr-system' content='tesseract 3.04.00' />
  <meta name='ocr-capabilities' content='ocr_page ocr_carea ocr_par ocr_line ocrx_word'/>
</head>
<body>
  <div class='ocr_page' id='page_1' title='image "./pharmacopoeahis00unkngoog_0117.png"; bbox 0 0 2382 4140; ppageno 0'>
   <div class='ocr_carea' id='block_1_1' title="bbox 428 291 948 362">
    <p class='ocr_par' dir='ltr' id='par_1_1' title="bbox 428 291 948 362">
     <span class='ocr_line' id='line_1_1' title="bbox 428 291 948 362; baseline -0.002 -24"><span class='ocrx_word' id='word_1_1' title='bbox 428 291 547 340; x_wconf 76' lang='lat' dir='ltr'><strong>smum</strong></span> <span class='ocrx_word' id='word_1_2' title='bbox 881 291 948 362; x_wconf 87' lang='lat'><strong>¹¹9</strong></span> 
     </span>
    </p>
   </div>
   <div class='ocr_carea' id='block_1_2' title="bbox 122 397 731 579">
    <p class='ocr_par' dir='ltr' id='par_1_2' title="bbox 122 397 731 579">
     <span class='ocr_line' id='line_1_2' title="bbox 122 397 563 483; baseline 0.002 -23"><span class='ocrx_word' id='word_1_3' title='bbox 122 397 242 460; x_wconf 88' lang='lat' dir='ltr'><strong>Eodem</strong></span> <span class='ocrx_word' id='word_1_4' title='bbox 263 398 353 460; x_wconf 89' lang='lat' dir='ltr'><strong>modo</strong></span> <span class='ocrx_word' id='word_1_5' title='bbox 372 398 407 459; x_wconf 80' lang='lat' dir='ltr'><strong>fit</strong></span> <span class='ocrx_word' id='word_1_6' title='bbox 429 402 563 483; x_wconf 84' lang='lat' dir='ltr'><strong>Syrupus</strong></span> 
     </span>
     <span class='ocr_line' id='line_1_3' title="bbox 134 497 731 579; baseline 0.003 -23"><span class='ocrx_word' id='word_1_7' title='bbox 134 497 137 508; x_wconf 88' lang='lat'>&#39;</span> <span class='ocrx_word' id='word_1_8' title='bbox 165 498 294 558; x_wconf 83' lang='lat' dir='ltr'><strong>Florum</strong></span> <span class='ocrx_word' id='word_1_9' title='bbox 315 499 482 579; x_wconf 77' lang='lat' dir='ltr'><strong><em>Papaveris</em></strong></span> <span class='ocrx_word' id='word_1_10' title='bbox 504 499 682 572; x_wconf 74' lang='grc' dir='ltr'><strong>ΗΙιοεαάοε,</strong></span> <span class='ocrx_word' id='word_1_11' title='bbox 728 531 731 534; x_wconf 95' lang='grc'>-</span> 
     </span>
    </p>
   </div>
   <div class='ocr_carea' id='block_1_3' title="bbox 159 599 919 820">
    <p class='ocr_par' dir='ltr' id='par_1_3' title="bbox 159 599 919 820">
     <span class='ocr_line' id='line_1_4' title="bbox 319 599 919 682; baseline 0.003 -24"><span class='ocrx_word' id='word_1_12' title='bbox 319 599 523 679; x_wconf 81' lang='lat' dir='ltr'><strong>Caryopizyili</strong></span> <span class='ocrx_word' id='word_1_13' title='bbox 544 601 698 661; x_wconf 68' lang='lat' dir='ltr'><strong>Hortensii</strong></span> <span class='ocrx_word' id='word_1_14' title='bbox 719 614 746 660; x_wconf 83' lang='lat' dir='ltr'><strong>et</strong></span> <span class='ocrx_word' id='word_1_15' title='bbox 767 600 919 682; x_wconf 72' lang='lat' dir='ltr'><strong>similium.</strong></span> 
     </span>
     <span class='ocr_line' id='line_1_5' title="bbox 159 755 830 820; baseline 0.004 -4"><span class='ocrx_word' id='word_1_16' title='bbox 159 755 342 818; x_wconf 86' lang='lat' dir='ltr'>SYRUPUS</span> <span class='ocrx_word' id='word_1_17' title='bbox 363 758 581 820; x_wconf 79' lang='lat' dir='ltr'><strong>VIOLARUM</strong></span> <span class='ocrx_word' id='word_1_18' title='bbox 611 758 830 820; x_wconf 86' lang='lat' dir='ltr'><strong>COMMUNIS.</strong></span> 
     </span>
    </p>
   </div>
   <div class='ocr_carea' id='block_1_4' title="bbox 40 875 944 1576">
    <p class='ocr_par' dir='ltr' id='par_1_4' title="bbox 40 875 944 1576">
     <span class='ocr_line' id='line_1_6' title="bbox 40 875 850 976; baseline 0.002 -18"><span class='ocrx_word' id='word_1_19' title='bbox 40 875 84 976; x_wconf 66' lang='grc' dir='ltr'><strong>Β).</strong></span> <span class='ocrx_word' id='word_1_20' title='bbox 105 898 229 958; x_wconf 82' lang='lat' dir='ltr'><strong>Florum</strong></span> <span class='ocrx_word' id='word_1_21' title='bbox 252 899 408 958; x_wconf 81' lang='lat' dir='ltr'><strong>Violurum</strong></span> <span class='ocrx_word' id='word_1_22' title='bbox 429 901 589 959; x_wconf 83' lang='lat' dir='ltr'><strong>recentium</strong></span> <span class='ocrx_word' id='word_1_23' title='bbox 611 897 716 958; x_wconf 79' lang='lat' dir='ltr'><strong>libram</strong></span> <span class='ocrx_word' id='word_1_24' title='bbox 737 919 850 976; x_wconf 84' lang='lat' dir='ltr'><strong>unam,</strong></span> 
     </span>
     <span class='ocr_line' id='line_1_7' title="bbox 105 995 636 1078; baseline 0.004 -23"><span class='ocrx_word' id='word_1_25' title='bbox 105 998 208 1077; x_wconf 81' lang='lat' dir='ltr'>Aquae</span> <span class='ocrx_word' id='word_1_26' title='bbox 229 995 365 1058; x_wconf 77' lang='lat' dir='ltr'><strong>ferventis</strong></span> <span class='ocrx_word' id='word_1_27' title='bbox 386 995 475 1056; x_wconf 80' lang='lat' dir='ltr'><strong>libras</strong></span> <span class='ocrx_word' id='word_1_28' title='bbox 497 1008 636 1078; x_wconf 78' lang='lat' dir='ltr'><strong>quatuor.</strong></span> 
     </span>
     <span class='ocr_line' id='line_1_8' title="bbox 125 1096 944 1177; baseline 0.006 -23"><span class='ocrx_word' id='word_1_29' title='bbox 125 1096 253 1160; x_wconf 82' lang='lat' dir='ltr'><strong>infunde</strong></span> <span class='ocrx_word' id='word_1_30' title='bbox 275 1117 327 1176; x_wconf 82' lang='lat' dir='ltr'><strong>per</strong></span> <span class='ocrx_word' id='word_1_31' title='bbox 356 1096 598 1177; x_wconf 80' lang='lat' dir='ltr'><strong>quadrihorium‚</strong></span> <span class='ocrx_word' id='word_1_32' title='bbox 631 1109 662 1158; x_wconf 88' lang='lat' dir='ltr'><strong>et</strong></span> <span class='ocrx_word' id='word_1_33' title='bbox 682 1098 783 1160; x_wconf 82' lang='lat' dir='ltr'><strong>statim</strong></span> <span class='ocrx_word' id='word_1_34' title='bbox 804 1120 873 1160; x_wconf 89' lang='lat' dir='ltr'><strong>cum</strong></span> <span class='ocrx_word' id='word_1_35' title='bbox 894 1120 944 1159; x_wconf 83' lang='lat' dir='ltr'><strong>ex·</strong></span> 
     </span>
     <span class='ocr_line' id='line_1_9' title="bbox 85 1193 701 1277; baseline 0.002 -22"><span class='ocrx_word' id='word_1_36' title='bbox 85 1198 237 1277; x_wconf 84' lang='lat' dir='ltr'>pressione</span> <span class='ocrx_word' id='word_1_37' title='bbox 259 1196 342 1255; x_wconf 81' lang='lat' dir='ltr'>cola:</span> <span class='ocrx_word' id='word_1_38' title='bbox 364 1193 394 1254; x_wconf 87' lang='lat' dir='ltr'><strong>in</strong></span> <span class='ocrx_word' id='word_1_39' title='bbox 416 1195 549 1255; x_wconf 83' lang='lat' dir='ltr'>colatura</span> <span class='ocrx_word' id='word_1_40' title='bbox 571 1194 701 1256; x_wconf 78' lang='lat' dir='ltr'><strong>dissolve</strong></span> 
     </span>
     <span class='ocr_line' id='line_1_10' title="bbox 108 1293 880 1380; baseline 0.005 -24"><span class='ocrx_word' id='word_1_41' title='bbox 108 1293 252 1356; x_wconf 78' lang='lat' dir='ltr'><strong>Saccbari</strong></span> <span class='ocrx_word' id='word_1_42' title='bbox 272 1294 333 1355; x_wconf 83' lang='lat' dir='ltr'>albi</span> <span class='ocrx_word' id='word_1_43' title='bbox 354 1295 439 1356; x_wconf 77' lang='lat' dir='ltr'><strong>libras</strong></span> <span class='ocrx_word' id='word_1_44' title='bbox 460 1315 520 1356; x_wconf 79' lang='lat' dir='ltr'><strong>sex.</strong></span> <span class='ocrx_word' id='word_1_45' title='bbox 543 1295 613 1357; x_wconf 81' lang='lat' dir='ltr'><strong>Fiat</strong></span> <span class='ocrx_word' id='word_1_46' title='bbox 635 1295 771 1380; x_wconf 81' lang='lat' dir='ltr'><strong>Sympus</strong></span> <span class='ocrx_word' id='word_1_47' title='bbox 794 1298 823 1359; x_wconf 81' lang='lat' dir='ltr'><strong>S.</strong></span> <span class='ocrx_word' id='word_1_48' title='bbox 845 1301 880 1360; x_wconf 77' lang='lat' dir='ltr'><strong>A.</strong></span> 
     </span>
     <span class='ocr_line' id='line_1_11' title="bbox 126 1394 628 1478; baseline 0.002 -22"><span class='ocrx_word' id='word_1_49' title='bbox 126 1394 219 1456; x_wconf 87' lang='lat' dir='ltr'>Simili</span> <span class='ocrx_word' id='word_1_50' title='bbox 240 1396 331 1456; x_wconf 88' lang='lat' dir='ltr'><strong>modo</strong></span> <span class='ocrx_word' id='word_1_51' title='bbox 352 1407 473 1477; x_wconf 74' lang='lat' dir='ltr'><strong>paratur</strong></span> <span class='ocrx_word' id='word_1_52' title='bbox 494 1396 628 1478; x_wconf 84' lang='lat' dir='ltr'>Syrupus</span> 
     </span>
     <span class='ocr_line' id='line_1_12' title="bbox 166 1493 533 1576; baseline 0.005 -22"><span class='ocrx_word' id='word_1_53' title='bbox 166 1496 300 1554; x_wconf 76' lang='lat' dir='ltr'><strong>Florum</strong></span> <span class='ocrx_word' id='word_1_54' title='bbox 321 1493 533 1576; x_wconf 78' lang='lat' dir='ltr'><strong>Nymphaeae.</strong></span> 
     </span>
    </p>
   </div>
   <div class='ocr_carea' id='block_1_5' title="bbox 162 1654 828 1756">
    <p class='ocr_par' dir='ltr' id='par_1_5' title="bbox 162 1654 828 1756">
     <span class='ocr_line' id='line_1_13' title="bbox 162 1654 828 1756; baseline 0.008 -43"><span class='ocrx_word' id='word_1_55' title='bbox 162 1654 345 1756; x_wconf 54' lang='lat' dir='ltr'>SJRUPUS</span> <span class='ocrx_word' id='word_1_56' title='bbox 366 1655 534 1715; x_wconf 85' lang='lat' dir='ltr'>ERYSIMI</span> <span class='ocrx_word' id='word_1_57' title='bbox 557 1657 828 1718; x_wconf 82' lang='lat' dir='ltr'><strong>COMPOSITUS.</strong></span> 
     </span>
    </p>
   </div>
   <div class='ocr_carea' id='block_1_6' title="bbox 41 1775 943 2780">
    <p class='ocr_par' dir='ltr' id='par_1_6' title="bbox 41 1775 933 2376">
     <span class='ocr_line' id='line_1_14' title="bbox 41 1775 582 1876; baseline 0 -20"><span class='ocrx_word' id='word_1_58' title='bbox 41 1775 85 1875; x_wconf 80' lang='lat' dir='ltr'><strong>R).</strong></span> <span class='ocrx_word' id='word_1_59' title='bbox 111 1793 246 1876; x_wconf 77' lang='lat' dir='ltr'><strong>Erysimi</strong></span> <span class='ocrx_word' id='word_1_60' title='bbox 267 1793 361 1853; x_wconf 85' lang='lat' dir='ltr'><strong>floridi</strong></span> <span class='ocrx_word' id='word_1_61' title='bbox 383 1797 482 1856; x_wconf 80' lang='lat' dir='ltr'><strong>uncias</strong></span> <span class='ocrx_word' id='word_1_62' title='bbox 503 1809 582 1873; x_wconf 84' lang='lat' dir='ltr'><strong>tres,</strong></span> 
     </span>
     <span class='ocr_line' id='line_1_15' title="bbox 105 1896 589 1978; baseline 0.004 -23"><span class='ocrx_word' id='word_1_63' title='bbox 105 1896 221 1956; x_wconf 72' lang='grc' dir='ltr'><strong>1ῑόΙίονι</strong></span> <span class='ocrx_word' id='word_1_64' title='bbox 247 1899 407 1955; x_wconf 81' lang='lat' dir='ltr'><strong>recentium</strong></span> <span class='ocrx_word' id='word_1_65' title='bbox 429 1896 589 1978; x_wconf 74' lang='lat' dir='ltr'><strong>Boraginis‚</strong></span> 
     </span>
     <span class='ocr_line' id='line_1_16' title="bbox 110 1994 378 2078; baseline 0.004 -23"><span class='ocrx_word' id='word_1_66' title='bbox 110 1995 221 2078; x_wconf 75' lang='lat' dir='ltr'><strong>capilli</strong></span> <span class='ocrx_word' id='word_1_67' title='bbox 243 1994 378 2071; x_wconf 80' lang='lat' dir='ltr'><strong>Veneris,</strong></span> 
     </span>
     <span class='ocr_line' id='line_1_17' title="bbox 105 2096 881 2158; baseline 0.001 -3"><span class='ocrx_word' id='word_1_68' title='bbox 105 2096 323 2158; x_wconf 81' lang='lat' dir='ltr'><strong>summitatum</strong></span> <span class='ocrx_word' id='word_1_69' title='bbox 345 2098 535 2157; x_wconf 81' lang='lat' dir='ltr'><strong>Rorismarini</strong></span> <span class='ocrx_word' id='word_1_70' title='bbox 556 2100 672 2156; x_wconf 88' lang='lat' dir='ltr'><strong>unciam</strong></span> <span class='ocrx_word' id='word_1_71' title='bbox 695 2119 794 2156; x_wconf 78' lang='lat' dir='ltr'><strong>unam.</strong></span> <span class='ocrx_word' id='word_1_72' title='bbox 877 2113 881 2120; x_wconf 87' lang='grc'><strong>“</strong></span> 
     </span>
     <span class='ocr_line' id='line_1_18' title="bbox 125 2197 933 2277; baseline 0.002 -21"><span class='ocrx_word' id='word_1_73' title='bbox 125 2198 232 2276; x_wconf 88' lang='lat' dir='ltr'>Coque</span> <span class='ocrx_word' id='word_1_74' title='bbox 252 2197 283 2256; x_wconf 82' lang='lat' dir='ltr'><strong>in</strong></span> <span class='ocrx_word' id='word_1_75' title='bbox 304 2199 390 2277; x_wconf 77' lang='lat' dir='ltr'><strong>Aqua</strong></span> <span class='ocrx_word' id='word_1_76' title='bbox 413 2197 451 2256; x_wconf 79' lang='lat' dir='ltr'><strong>ad</strong></span> <span class='ocrx_word' id='word_1_77' title='bbox 472 2197 558 2257; x_wconf 77' lang='lat' dir='ltr'><strong>libras</strong></span> <span class='ocrx_word' id='word_1_78' title='bbox 578 2218 651 2276; x_wconf 83' lang='lat' dir='ltr'>sex,</span> <span class='ocrx_word' id='word_1_79' title='bbox 671 2198 737 2258; x_wconf 84' lang='lat' dir='ltr'><strong>coia</strong></span> <span class='ocrx_word' id='word_1_80' title='bbox 757 2208 787 2258; x_wconf 86' lang='lat' dir='ltr'><strong>et</strong></span> <span class='ocrx_word' id='word_1_81' title='bbox 807 2199 933 2260; x_wconf 87' lang='lat' dir='ltr'><strong>dissoive</strong></span> 
     </span>
     <span class='ocr_line' id='line_1_19' title="bbox 105 2297 442 2376; baseline -0.006 -18"><span class='ocrx_word' id='word_1_82' title='bbox 105 2298 246 2358; x_wconf 78' lang='lat' dir='ltr'><strong>Sacchari</strong></span> <span class='ocrx_word' id='word_1_83' title='bbox 267 2297 354 2356; x_wconf 79' lang='lat' dir='ltr'><strong>libras</strong></span> <span class='ocrx_word' id='word_1_84' title='bbox 377 2312 442 2376; x_wconf 83' lang='lat' dir='ltr'>tres,</span> 
     </span>
    </p>

    <p class='ocr_par' dir='ltr' id='par_1_7' title="bbox 41 2396 943 2780">
     <span class='ocr_line' id='line_1_20' title="bbox 105 2396 453 2457; baseline 0 0"><span class='ocrx_word' id='word_1_85' title='bbox 105 2396 205 2457; x_wconf 77' lang='lat' dir='ltr'><strong>Mellis</strong></span> <span class='ocrx_word' id='word_1_86' title='bbox 226 2396 333 2456; x_wconf 79' lang='lat' dir='ltr'><strong>libram</strong></span> <span class='ocrx_word' id='word_1_87' title='bbox 354 2419 453 2457; x_wconf 81' lang='lat' dir='ltr'><strong>unam.</strong></span> 
     </span>
     <span class='ocr_line' id='line_1_21' title="bbox 126 2482 943 2579; baseline 0.004 -23"><span class='ocrx_word' id='word_1_88' title='bbox 126 2496 283 2571; x_wconf 74' lang='lat' dir='ltr'><strong>clarifica,</strong></span> <span class='ocrx_word' id='word_1_89' title='bbox 304 2517 401 2578; x_wconf 86' lang='lat' dir='ltr'><strong>coque</strong></span> <span class='ocrx_word' id='word_1_90' title='bbox 415 2497 445 2556; x_wconf 84' lang='lat' dir='ltr'><strong>in</strong></span> <span class='ocrx_word' id='word_1_91' title='bbox 467 2482 854 2579; x_wconf 35' lang='lat' dir='ltr'><strong>Syrupum&#39;ciassiommiet</strong></span> <span class='ocrx_word' id='word_1_92' title='bbox 868 2499 943 2559; x_wconf 81' lang='lat' dir='ltr'>adde</span> 
     </span>
     <span class='ocr_line' id='line_1_22' title="bbox 63 2583 819 2679; baseline 0 -21"><span class='ocrx_word' id='word_1_93' title='bbox 63 2641 67 2648; x_wconf 67' lang='grc'><strong><em>»</em></strong></span> <span class='ocrx_word' id='word_1_94' title='bbox 109 2597 200 2658; x_wconf 87' lang='lat' dir='ltr'><strong>Succi</strong></span> <span class='ocrx_word' id='word_1_95' title='bbox 220 2599 349 2679; x_wconf 77' lang='lat' dir='ltr'><strong>Erysimi</strong></span> <span class='ocrx_word' id='word_1_96' title='bbox 369 2602 470 2658; x_wconf 79' lang='lat' dir='ltr'><strong>uncias</strong></span> <span class='ocrx_word' id='word_1_97' title='bbox 490 2619 548 2658; x_wconf 80' lang='lat' dir='ltr'>sex.</span> <span class='ocrx_word' id='word_1_98' title='bbox 570 2598 654 2659; x_wconf 85' lang='lat' dir='ltr'><strong>Cola.</strong></span> <span class='ocrx_word' id='word_1_99' title='bbox 814 2583 819 2594; x_wconf 50' lang='lat'>⁸</span> 
     </span>
     <span class='ocr_line' id='line_1_23' title="bbox 41 2698 943 2780; baseline 0.004 -24"><span class='ocrx_word' id='word_1_100' title='bbox 41 2699 137 2758; x_wconf 78' lang='lat' dir='ltr'><strong>Dosis</strong></span> <span class='ocrx_word' id='word_1_101' title='bbox 158 2719 179 2757; x_wconf 87' lang='lat' dir='ltr'><em>a</em></span> <span class='ocrx_word' id='word_1_102' title='bbox 198 2700 352 2758; x_wconf 83' lang='lat' dir='ltr'><strong>semuncia</strong></span> <span class='ocrx_word' id='word_1_103' title='bbox 366 2701 408 2758; x_wconf 85' lang='lat' dir='ltr'><strong>ad</strong></span> <span class='ocrx_word' id='word_1_104' title='bbox 422 2701 525 2760; x_wconf 84' lang='lat' dir='ltr'><strong>uncias</strong></span> <span class='ocrx_word' id='word_1_105' title='bbox 539 2701 635 2780; x_wconf 80' lang='lat' dir='ltr'><em>duas,</em></span> <span class='ocrx_word' id='word_1_106' title='bbox 659 2701 781 2780; x_wconf 82' lang='lat' dir='ltr'><strong>saepius</strong></span> <span class='ocrx_word' id='word_1_107' title='bbox 793 2698 943 2760; x_wconf 83' lang='lat' dir='ltr'><em>iteranda.</em></span> 
     </span>
    </p>
   </div>
   <div class='ocr_carea' id='block_1_7' title="bbox 149 2859 844 2920">
    <p class='ocr_par' dir='ltr' id='par_1_8' title="bbox 149 2859 844 2920">
     <span class='ocr_line' id='line_1_24' title="bbox 149 2859 844 2920; baseline 0.003 -2"><span class='ocrx_word' id='word_1_108' title='bbox 149 2859 330 2920; x_wconf 81' lang='lat' dir='ltr'>SYRUPUS</span> <span class='ocrx_word' id='word_1_109' title='bbox 353 2859 545 2919; x_wconf 85' lang='lat' dir='ltr'>HEDERAE</span> <span class='ocrx_word' id='word_1_110' title='bbox 578 2859 844 2920; x_wconf 82' lang='lat' dir='ltr'>TERBESTRIS.</span> 
     </span>
    </p>
   </div>
   <div class='ocr_carea' id='block_1_8' title="bbox 642 1949 929 2028">
    <p class='ocr_par' dir='ltr' id='par_1_9' title="bbox 642 1949 929 2028">
     <span class='ocr_line' id='line_1_25' title="bbox 642 1949 929 2028; baseline 0.01 -23"><span class='ocrx_word' id='word_1_111' title='bbox 642 1968 697 2006; x_wconf 81' lang='lat' dir='ltr'><strong>ana</strong></span> <span class='ocrx_word' id='word_1_112' title='bbox 719 1950 818 2007; x_wconf 82' lang='lat' dir='ltr'><strong>uncias</strong></span> <span class='ocrx_word' id='word_1_113' title='bbox 839 1949 929 2028; x_wconf 78' lang='lat' dir='ltr'>duas,</span> 
     </span>
    </p>
   </div>
   <div class='ocr_carea' id='block_1_9' title="bbox 41 2976 944 3682">
    <p class='ocr_par' dir='ltr' id='par_1_10' title="bbox 41 2976 944 3682">
     <span class='ocr_line' id='line_1_26' title="bbox 41 2976 893 3076; baseline 0 -15"><span class='ocrx_word' id='word_1_114' title='bbox 41 2976 82 3076; x_wconf 53' lang='lat' dir='ltr'><strong>li.</strong></span> <span class='ocrx_word' id='word_1_115' title='bbox 105 3000 221 3061; x_wconf 87' lang='lat' dir='ltr'><strong>Folior.</strong></span> <span class='ocrx_word' id='word_1_116' title='bbox 244 3001 379 3060; x_wconf 81' lang='lat' dir='ltr'><strong>Hedeme</strong></span> <span class='ocrx_word' id='word_1_117' title='bbox 401 3003 543 3061; x_wconf 80' lang='lat' dir='ltr'><strong>terrestm&#39;s</strong></span> <span class='ocrx_word' id='word_1_118' title='bbox 564 3003 666 3063; x_wconf 80' lang='lat' dir='ltr'><strong>siccor.</strong></span> <span class='ocrx_word' id='word_1_119' title='bbox 687 2999 789 3062; x_wconf 82' lang='lat' dir='ltr'><strong>uncias</strong></span> <span class='ocrx_word' id='word_1_120' title='bbox 809 3002 893 3061; x_wconf 77' lang='lat' dir='ltr'><strong>duas.</strong></span> 
     </span>
     <span class='ocr_line' id='line_1_27' title="bbox 125 3099 944 3180; baseline 0 -21"><span class='ocrx_word' id='word_1_121' title='bbox 125 3100 251 3160; x_wconf 79' lang='lat' dir='ltr'><strong>infunde</strong></span> <span class='ocrx_word' id='word_1_122' title='bbox 274 3105 302 3159; x_wconf 92' lang='lat' dir='ltr'><strong>in</strong></span> <span class='ocrx_word' id='word_1_123' title='bbox 323 3104 427 3180; x_wconf 80' lang='lat' dir='ltr'>Aquae</span> <span class='ocrx_word' id='word_1_124' title='bbox 448 3099 527 3160; x_wconf 80' lang='lat' dir='ltr'><strong>libris</strong></span> <span class='ocrx_word' id='word_1_125' title='bbox 542 3100 665 3161; x_wconf 80' lang='lat' dir='ltr'><strong>duabus.</strong></span> <span class='ocrx_word' id='word_1_126' title='bbox 690 3101 848 3161; x_wconf 78' lang='lat' dir='ltr'><strong>Colatume</strong></span> <span class='ocrx_word' id='word_1_127' title='bbox 868 3100 944 3170; x_wconf 80' lang='lat' dir='ltr'><strong>adde</strong></span> 
     </span>
     <span class='ocr_line' id='line_1_28' title="bbox 103 3199 944 3262; baseline -0.002 -2"><span class='ocrx_word' id='word_1_128' title='bbox 103 3200 242 3262; x_wconf 80' lang='lat' dir='ltr'><strong>Sacchari</strong></span> <span class='ocrx_word' id='word_1_129' title='bbox 264 3199 412 3259; x_wconf 78' lang='lat' dir='ltr'><strong>clarificati</strong></span> <span class='ocrx_word' id='word_1_130' title='bbox 439 3211 470 3260; x_wconf 82' lang='lat' dir='ltr'><strong>et</strong></span> <span class='ocrx_word' id='word_1_131' title='bbox 501 3200 538 3258; x_wconf 79' lang='lat' dir='ltr'><strong>nd</strong></span> <span class='ocrx_word' id='word_1_132' title='bbox 559 3200 736 3262; x_wconf 73' lang='lat' dir='ltr'><strong>soliditatem</strong></span> <span class='ocrx_word' id='word_1_133' title='bbox 758 3199 835 3260; x_wconf 83' lang='lat' dir='ltr'><strong>cocti</strong></span> <span class='ocrx_word' id='word_1_134' title='bbox 857 3199 944 3259; x_wconf 72' lang='lat' dir='ltr'><strong>librae</strong></span> 
     </span>
     <span class='ocr_line' id='line_1_29' title="bbox 150 3301 685 3383; baseline 0.004 -22"><span class='ocrx_word' id='word_1_135' title='bbox 150 3317 290 3383; x_wconf 79' lang='lat' dir='ltr'>quatuor.</span> <span class='ocrx_word' id='word_1_136' title='bbox 311 3301 382 3361; x_wconf 80' lang='lat' dir='ltr'><strong>Fiat</strong></span> <span class='ocrx_word' id='word_1_137' title='bbox 402 3302 536 3382; x_wconf 84' lang='lat' dir='ltr'><strong>Syrupus</strong></span> <span class='ocrx_word' id='word_1_138' title='bbox 557 3312 587 3361; x_wconf 85' lang='lat' dir='ltr'><strong>et</strong></span> <span class='ocrx_word' id='word_1_139' title='bbox 611 3303 685 3363; x_wconf 77' lang='lat' dir='ltr'><strong>cola.</strong></span> 
     </span>
     <span class='ocr_line' id='line_1_30' title="bbox 128 3399 561 3480; baseline -0.002 -21"><span class='ocrx_word' id='word_1_140' title='bbox 128 3399 220 3462; x_wconf 87' lang='lat' dir='ltr'><strong>Simili</strong></span> <span class='ocrx_word' id='word_1_141' title='bbox 242 3401 333 3460; x_wconf 92' lang='lat' dir='ltr'><strong>modo</strong></span> <span class='ocrx_word' id='word_1_142' title='bbox 353 3399 429 3460; x_wconf 88' lang='lat' dir='ltr'><strong>fiunt</strong></span> <span class='ocrx_word' id='word_1_143' title='bbox 451 3400 561 3480; x_wconf 80' lang='lat' dir='ltr'><strong>Syrupi</strong></span> 
     </span>
     <span class='ocr_line' id='line_1_31' title="bbox 168 3500 308 3575; baseline -0.014 -15"><span class='ocrx_word' id='word_1_144' title='bbox 168 3500 290 3560; x_wconf 81' lang='lat' dir='ltr'><strong>Scordii</strong></span> <span class='ocrx_word' id='word_1_145' title='bbox 300 3545 308 3575; x_wconf 91' lang='lat'>,</span> 
     </span>
     <span class='ocr_line' id='line_1_32' title="bbox 170 3599 452 3682; baseline 0.007 -22"><span class='ocrx_word' id='word_1_146' title='bbox 170 3599 283 3682; x_wconf 79' lang='lat' dir='ltr'><strong>Capilli</strong></span> <span class='ocrx_word' id='word_1_147' title='bbox 306 3601 452 3675; x_wconf 81' lang='lat' dir='ltr'><strong>Veneris,</strong></span> 
     </span>
    </p>
   </div>
   <div class='ocr_carea' id='block_1_10' title="bbox 0 0 1196 4140">
    <p class='ocr_par' dir='ltr' id='par_1_11' title="bbox 0 0 1196 4140">
     <span class='ocr_line' id='line_1_33' title="bbox 0 0 1196 4140; baseline 0 0"><span class='ocrx_word' id='word_1_148' title='bbox 0 0 1196 4140; x_wconf 95' lang='lat' dir='ltr'><strong> </strong></span> 
     </span>
    </p>
   </div>
  </div>
 </body>
</html>
