2382 4140
246 271 258 314 ¹
273 271 313 319 ¹0
604 277 782 328 nixantem

284 397 314 446 et
335 387 522 452 decantatum
545 414 677 476 sapora,
698 397 753 454 sub
775 393 864 454 finem
882 391 911 450 iu
927 389 1036 450 balneo
1050 412 1131 472 aquo·
1159 440 1160 488 1

284 507 336 562 so,
357 491 393 548 ad
415 491 546 552 Extracti
568 493 650 552 solidi
672 492 900 552 consistentium.

366 592 457 650 Dosis
477 613 498 652 a
519 592 741 654 semidmcbma
762 593 805 652 od
832 594 1024 652 drachmum.

425 751 690 814 EXTRACTUM
709 752 970 812 autemnam,

243 864 283 968 11).
305 887 424 949 Radicis
444 886 628 950 Rhabarbari
655 887 759 968 electi,
780 886 916 949 minutim
940 886 1016 950 secti
1038 887 1136 952 libram

325 1009 424 1050 unam.

323 1087 357 1146 ln
389 1089 447 1148 olla
481 1088 563 1148 fictili
594 1087 721 1149 vitreata
741 1101 908 1148 maceretur
927 1108 983 1170 per
1002 1089 1066 1150 dies
1087 1103 1140 1150 tms

283 1185 315 1244 in
336 1188 439 1268 Aquae
462 1187 541 1249 libi-is
563 1187 730 1263 sexdecim
753 1203 854 1270 postea
886 1190 944 1249 levi
972 1188 1140 1250 ebullitione

285 1308 382 1368 coque
405 1303 435 1348 et
465 1291 530 1349 colu
551 1294 622 1366 [sine
652 1288 858 1371 expressione3
887 1289 956 1350 dein
976 1287 1048 1370 igne
1067 1289 1141 1350 lento

285 1387 442 1448 decoctum
465 1409 516 1468 per
537 1388 745 1450 subsidentiam
767 1390 947 1470 depuratum
969 1409 1084 1470 vapore
1110 1391 1140 1448 ad

286 1489 395 1570 Sysupi
408 1487 646 1568 consistentiam,
669 1488 805 1571 spathula
820 1489 914 1568 lignea
930 1491 1071 1548 connnue
1087 1491 1141 1570 agi·

284 1589 392 1661 tandm
416 1599 519 1669 postea
541 1589 647 1648 balneo
668 1609 782 1670 aquoso
802 1587 941 1670 inmissa,
962 1589 1061 1648 donec
1089 1611 1142 1649 tna·

286 1690 371 1747 nibus
393 1688 534 1748 malaxari
556 1688 646 1770 possit
666 1687 826 1770 Emplastri
841 1692 932 1749 instar
947 1700 976 1748 et
990 1686 1021 1748 in
1035 1691 1141 1750 notulas

286 1789 322 1848 ad
346 1809 431 1848 usum
453 1809 546 1849 sei-va.

477 1889 569 1946 Dosis
590 1885 634 1946 ad
653 1889 808 1968 scrupulos
828 1890 914 1948 duos.

329 1987 376 2047 Sic
398 1999 541 2070 parantur
560 1989 703 2048 Extracta
724 1987 877 2068 sequentia

370 2087 479 2162 Croci,

367 2191 484 2249 Sennae
506 2203 535 2249 et
554 2189 703 2249 similium.

403 2389 661 2450 EXTRACTUM
682 2387 766 2447 OPll
791 2387 993 2464 AQUOSUM

501 2528 705 2608 (Laudantem
728 2525 896 2608 Simplex).

247 2669 288 2770 R).
309 2690 381 2772 Opii
401 2683 540 2752 minutim
562 2690 633 2749 secti
654 2685 756 2746 uncias
777 2697 917 2767 quatuor.

329 2793 409 2851 Tere
430 2790 460 2850 in
482 2788 625 2851 mortario
640 2806 824 2862 marmoreo,
845 2783 993 2867 pervices
1009 2783 1148 2843 addendo

288 2895 393 2973 Aquae
414 2889 536 2971 frigidae
558 2885 753 2948 sufficientem
775 2885 987 2965 quantitatem,
1009 2883 1149 2964 etdigere

287 2995 353 3053 loco
374 2991 469 3051 calido
490 2992 527 3049 ad
549 2989 708 3070 perlectam
729 2989 818 3067 partis
839 2981 1022 3044 extractum
1053 2981 1149 3042 disso-

287 3092 442 3154 lutionem.
451 3092 612 3172 Liquorem
620 3089 747 3147 colatum
759 3107 869 3166 vapos-a
881 3088 908 3142 in
920 3084 1027 3144 balneo
1037 3103 1149 3164 aquoso

290 3195 328 3254 ad
350 3190 524 3254 siccitatem.

513 3291 606 3353 Dosis
626 3287 670 3348 ad
686 3307 787 3367 grana
815 3285 886 3346 duo.
