<?xml version="1.0" encoding="UTF-8"?>
<!DOCTYPE html PUBLIC "-//W3C//DTD XHTML 1.0 Transitional//EN"
    "http://www.w3.org/TR/xhtml1/DTD/xhtml1-transitional.dtd">
<html xmlns="http://www.w3.org/1999/xhtml" xml:lang="en" lang="en">
 <head>
  <title>
</title>
<meta http-equiv="Content-Type" content="text/html;charset=utf-8" />
  <meta name='ocr-system' content='tesseract 3.04.00' />
  <meta name='ocr-capabilities' content='ocr_page ocr_carea ocr_par ocr_line ocrx_word'/>
</head>
<body>
  <div class='ocr_page' id='page_1' title='image "./pharmacopoeahis00unkngoog_0081.png"; bbox 0 0 2368 4142; ppageno 0'>
   <div class='ocr_carea' id='block_1_1' title="bbox 365 312 933 388">
    <p class='ocr_par' dir='ltr' id='par_1_1' title="bbox 365 312 933 388">
     <span class='ocr_line' id='line_1_1' title="bbox 365 312 933 388; baseline 0.004 -6"><span class='ocrx_word' id='word_1_1' title='bbox 365 333 595 382; x_wconf 74' lang='lat' dir='ltr'><strong>sturtrctorus</strong></span> <span class='ocrx_word' id='word_1_2' title='bbox 885 312 933 388; x_wconf 83' lang='lat'><strong>83</strong></span> 
     </span>
    </p>
   </div>
   <div class='ocr_carea' id='block_1_2' title="bbox 33 443 930 1401">
    <p class='ocr_par' dir='ltr' id='par_1_2' title="bbox 33 443 930 1401">
     <span class='ocr_line' id='line_1_2' title="bbox 68 443 929 532; baseline 0.006 -27"><span class='ocrx_word' id='word_1_3' title='bbox 68 443 241 528; x_wconf 82' lang='lat' dir='ltr'><strong>phyritem‚</strong></span> <span class='ocrx_word' id='word_1_4' title='bbox 263 456 315 505; x_wconf 81' lang='lat' dir='ltr'><strong>eut</strong></span> <span class='ocrx_word' id='word_1_5' title='bbox 335 446 461 527; x_wconf 80' lang='lat' dir='ltr'>lapidem</span> <span class='ocrx_word' id='word_1_6' title='bbox 483 447 590 506; x_wconf 87' lang='lat' dir='ltr'><strong>durum</strong></span> <span class='ocrx_word' id='word_1_7' title='bbox 612 444 798 527; x_wconf 82' lang='lat' dir='ltr'><strong>expolitum,</strong></span> <span class='ocrx_word' id='word_1_8' title='bbox 820 449 847 508; x_wconf 89' lang='lat' dir='ltr'><strong>in</strong></span> <span class='ocrx_word' id='word_1_9' title='bbox 862 450 929 532; x_wconf 91' lang='lat' dir='ltr'><strong>pul·</strong></span> 
     </span>
     <span class='ocr_line' id='line_1_3' title="bbox 69 543 929 628; baseline 0.003 -23"><span class='ocrx_word' id='word_1_10' title='bbox 69 561 135 605; x_wconf 90' lang='lat' dir='ltr'><strong>tem</strong></span> <span class='ocrx_word' id='word_1_11' title='bbox 159 543 377 619; x_wconf 80' lang='lat' dir='ltr'><strong>tenuissimum,</strong></span> <span class='ocrx_word' id='word_1_12' title='bbox 406 546 561 620; x_wconf 76' lang='lat' dir='ltr'><strong>addendo,</strong></span> <span class='ocrx_word' id='word_1_13' title='bbox 582 545 699 627; x_wconf 80' lang='lat' dir='ltr'><strong>quoties</strong></span> <span class='ocrx_word' id='word_1_14' title='bbox 720 567 794 628; x_wconf 86' lang='lat' dir='ltr'><strong>opus</strong></span> <span class='ocrx_word' id='word_1_15' title='bbox 822 548 929 624; x_wconf 81' lang='lat' dir='ltr'><strong>fuerit,</strong></span> 
     </span>
     <span class='ocr_line' id='line_1_4' title="bbox 67 639 930 729; baseline 0.003 -25"><span class='ocrx_word' id='word_1_16' title='bbox 67 647 178 724; x_wconf 81' lang='lat' dir='ltr'>Aquae</span> <span class='ocrx_word' id='word_1_17' title='bbox 190 639 363 724; x_wconf 59' lang='lat' dir='ltr'><strong>&#39;pauxillum</strong></span> <span class='ocrx_word' id='word_1_18' title='bbox 376 685 385 720; x_wconf 84' lang='lat'>‚</span> <span class='ocrx_word' id='word_1_19' title='bbox 405 642 538 726; x_wconf 77' lang='lat' dir='ltr'><strong>lserign,</strong></span> <span class='ocrx_word' id='word_1_20' title='bbox 559 665 715 726; x_wconf 84' lang='lat' dir='ltr'><strong>quousque</strong></span> <span class='ocrx_word' id='word_1_21' title='bbox 728 645 863 707; x_wconf 82' lang='lat' dir='ltr'><strong>dentibus</strong></span> <span class='ocrx_word' id='word_1_22' title='bbox 876 668 930 729; x_wconf 82' lang='lat' dir='ltr'><strong>ap·</strong></span> 
     </span>
     <span class='ocr_line' id='line_1_5' title="bbox 66 741 929 832; baseline 0.007 -31"><span class='ocrx_word' id='word_1_23' title='bbox 66 742 185 826; x_wconf 71' lang='lat' dir='ltr'><strong>plicatu</strong></span> <span class='ocrx_word' id='word_1_24' title='bbox 201 763 262 832; x_wconf 72' lang='lat' dir='ltr'><strong>noo</strong></span> <span class='ocrx_word' id='word_1_25' title='bbox 283 741 416 802; x_wconf 80' lang='lat' dir='ltr'><strong>strideat.</strong></span> <span class='ocrx_word' id='word_1_26' title='bbox 449 745 537 804; x_wconf 85' lang='lat' dir='ltr'><strong>Tune</strong></span> <span class='ocrx_word' id='word_1_27' title='bbox 565 742 596 803; x_wconf 87' lang='lat' dir='ltr'><strong>in</strong></span> <span class='ocrx_word' id='word_1_28' title='bbox 618 746 723 806; x_wconf 79' lang='lat' dir='ltr'><strong>umbre</strong></span> <span class='ocrx_word' id='word_1_29' title='bbox 744 747 819 806; x_wconf 76' lang='lat' dir='ltr'><strong>sicce</strong></span> <span class='ocrx_word' id='word_1_30' title='bbox 841 757 871 806; x_wconf 88' lang='lat' dir='ltr'><strong>et</strong></span> <span class='ocrx_word' id='word_1_31' title='bbox 891 747 929 807; x_wconf 83' lang='lat' dir='ltr'><strong>ud</strong></span> 
     </span>
     <span class='ocr_line' id='line_1_6' title="bbox 67 857 277 905; baseline -0.01 -1"><span class='ocrx_word' id='word_1_32' title='bbox 67 857 162 905; x_wconf 80' lang='lat' dir='ltr'><strong>usum</strong></span> <span class='ocrx_word' id='word_1_33' title='bbox 184 864 277 903; x_wconf 79' lang='lat' dir='ltr'><strong>serre.</strong></span> 
     </span>
     <span class='ocr_line' id='line_1_7' title="bbox 113 941 558 1025; baseline 0.002 -22"><span class='ocrx_word' id='word_1_34' title='bbox 113 941 210 1003; x_wconf 82' lang='lat' dir='ltr'><strong>Simili</strong></span> <span class='ocrx_word' id='word_1_35' title='bbox 232 941 323 1004; x_wconf 91' lang='lat' dir='ltr'><strong>modo</strong></span> <span class='ocrx_word' id='word_1_36' title='bbox 344 953 558 1025; x_wconf 73' lang='lat' dir='ltr'><strong>praeparantur</strong></span> 
     </span>
     <span class='ocr_line' id='line_1_8' title="bbox 33 1041 451 1119; baseline 0.005 -16"><span class='ocrx_word' id='word_1_37' title='bbox 33 1115 35 1118; x_wconf 17' lang='lat'>¹</span> <span class='ocrx_word' id='word_1_38' title='bbox 156 1041 283 1104; x_wconf 68' lang='lat' dir='ltr'><strong>coetero</strong></span> <span class='ocrx_word' id='word_1_39' title='bbox 304 1056 451 1119; x_wconf 81' lang='lat' dir='ltr'><strong>testaceo,</strong></span> 
     </span>
     <span class='ocr_line' id='line_1_9' title="bbox 155 1141 314 1222; baseline 0 -20"><span class='ocrx_word' id='word_1_40' title='bbox 155 1141 314 1222; x_wconf 72' lang='lat' dir='ltr'><strong>Corellia,</strong></span> 
     </span>
     <span class='ocr_line' id='line_1_10' title="bbox 156 1241 438 1319; baseline 0.004 -20"><span class='ocrx_word' id='word_1_41' title='bbox 156 1241 255 1319; x_wconf 81' lang='lat' dir='ltr'><strong>Lapis</strong></span> <span class='ocrx_word' id='word_1_42' title='bbox 274 1241 438 1318; x_wconf 81' lang='lat' dir='ltr'><strong>Iudaicus,</strong></span> 
     </span>
     <span class='ocr_line' id='line_1_11' title="bbox 154 1339 563 1401; baseline 0.007 -3"><span class='ocrx_word' id='word_1_43' title='bbox 154 1339 316 1400; x_wconf 83' lang='lat' dir='ltr'><strong>Suecirrum</strong></span> <span class='ocrx_word' id='word_1_44' title='bbox 335 1354 364 1400; x_wconf 84' lang='lat' dir='ltr'><strong>et</strong></span> <span class='ocrx_word' id='word_1_45' title='bbox 383 1341 505 1401; x_wconf 77' lang='lat' dir='ltr'><strong>similia.</strong></span> <span class='ocrx_word' id='word_1_46' title='bbox 559 1340 563 1350; x_wconf 87' lang='lat'><em>&#39;</em></span> 
     </span>
    </p>
   </div>
   <div class='ocr_carea' id='block_1_3' title="bbox 28 1486 856 1718">
    <p class='ocr_par' dir='ltr' id='par_1_3' title="bbox 28 1486 856 1718">
     <span class='ocr_line' id='line_1_12' title="bbox 203 1486 856 1580; baseline 0.012 -24"><span class='ocrx_word' id='word_1_47' title='bbox 203 1498 442 1580; x_wconf 77' lang='lat' dir='ltr'><strong>yreeosrtoru</strong></span> <span class='ocrx_word' id='word_1_48' title='bbox 461 1499 756 1567; x_wconf 78' lang='lat' dir='ltr'><strong>PRtEPtttsTIO.</strong></span> <span class='ocrx_word' id='word_1_49' title='bbox 851 1486 856 1494; x_wconf 85' lang='lat'>&#39;</span> 
     </span>
     <span class='ocr_line' id='line_1_13' title="bbox 28 1615 397 1718; baseline 0.003 -21"><span class='ocrx_word' id='word_1_50' title='bbox 28 1615 71 1715; x_wconf 52' lang='lat' dir='ltr'><strong>ld.</strong></span> <span class='ocrx_word' id='word_1_51' title='bbox 96 1635 273 1718; x_wconf 79' lang='lat' dir='ltr'><strong>Viperarum</strong></span> <span class='ocrx_word' id='word_1_52' title='bbox 296 1639 335 1715; x_wconf 90' lang='lat' dir='ltr'><strong>Q.</strong></span> <span class='ocrx_word' id='word_1_53' title='bbox 358 1638 397 1701; x_wconf 91' lang='lat' dir='ltr'><strong>V.</strong></span> 
     </span>
    </p>
   </div>
   <div class='ocr_carea' id='block_1_4' title="bbox 70 1736 991 2020">
    <p class='ocr_par' dir='ltr' id='par_1_4' title="bbox 70 1736 991 2020">
     <span class='ocr_line' id='line_1_14' title="bbox 112 1736 925 1822; baseline 0.005 -26"><span class='ocrx_word' id='word_1_54' title='bbox 112 1738 238 1817; x_wconf 86' lang='lat' dir='ltr'><strong>Forcipe</strong></span> <span class='ocrx_word' id='word_1_55' title='bbox 260 1736 463 1818; x_wconf 77' lang='lat' dir='ltr'><strong>apprehensis,</strong></span> <span class='ocrx_word' id='word_1_56' title='bbox 485 1751 593 1820; x_wconf 81' lang='lat' dir='ltr'><strong>caput,</strong></span> <span class='ocrx_word' id='word_1_57' title='bbox 611 1741 797 1822; x_wconf 78' lang='lat' dir='ltr'><strong>caudamque</strong></span> <span class='ocrx_word' id='word_1_58' title='bbox 810 1741 925 1802; x_wconf 79' lang='lat' dir='ltr'><strong>abscin-</strong></span> 
     </span>
     <span class='ocr_line' id='line_1_15' title="bbox 70 1834 925 1921; baseline 0.006 -26"><span class='ocrx_word' id='word_1_59' title='bbox 70 1837 130 1895; x_wconf 77' lang='lat' dir='ltr'><strong>des</strong></span> <span class='ocrx_word' id='word_1_60' title='bbox 151 1855 199 1894; x_wconf 82' lang='lat' dir='ltr'><strong>eus</strong></span> <span class='ocrx_word' id='word_1_61' title='bbox 221 1834 335 1907; x_wconf 80' lang='lat' dir='ltr'><strong>excoria</strong></span> <span class='ocrx_word' id='word_1_62' title='bbox 356 1846 387 1895; x_wconf 85' lang='lat' dir='ltr'><strong>et</strong></span> <span class='ocrx_word' id='word_1_63' title='bbox 407 1848 562 1917; x_wconf 67' lang='lat' dir='ltr'><strong>exentera,</strong></span> <span class='ocrx_word' id='word_1_64' title='bbox 590 1849 700 1919; x_wconf 75' lang='lat' dir='ltr'><strong>atque,</strong></span> <span class='ocrx_word' id='word_1_65' title='bbox 729 1838 925 1921; x_wconf 72' lang='lat' dir='ltr'><strong>pinguedine,</strong></span> 
     </span>
     <span class='ocr_line' id='line_1_16' title="bbox 72 1933 991 2020; baseline 0.007 -28"><span class='ocrx_word' id='word_1_66' title='bbox 72 1934 181 2012; x_wconf 79' lang='lat' dir='ltr'><strong>hepate</strong></span> <span class='ocrx_word' id='word_1_67' title='bbox 202 1945 233 1994; x_wconf 87' lang='lat' dir='ltr'><strong>et</strong></span> <span class='ocrx_word' id='word_1_68' title='bbox 254 1933 345 1994; x_wconf 88' lang='lat' dir='ltr'><strong>corde</strong></span> <span class='ocrx_word' id='word_1_69' title='bbox 366 1935 403 1994; x_wconf 81' lang='lat' dir='ltr'><strong>ad</strong></span> <span class='ocrx_word' id='word_1_70' title='bbox 424 1935 496 1996; x_wconf 83' lang='lat' dir='ltr'><strong>alios</strong></span> <span class='ocrx_word' id='word_1_71' title='bbox 527 1958 596 1997; x_wconf 87' lang='lat' dir='ltr'><strong>usus</strong></span> <span class='ocrx_word' id='word_1_72' title='bbox 616 1936 770 2020; x_wconf 78' lang='lat' dir='ltr'><strong>sepositis,</strong></span> <span class='ocrx_word' id='word_1_73' title='bbox 806 1952 925 1999; x_wconf 87' lang='lat' dir='ltr'><strong>truncos</strong></span> <span class='ocrx_word' id='word_1_74' title='bbox 988 1977 991 1983; x_wconf 90' lang='lat'>-</span> 
     </span>
    </p>
   </div>
   <div class='ocr_carea' id='block_1_5' title="bbox 72 2034 924 2121">
    <p class='ocr_par' dir='ltr' id='par_1_5' title="bbox 72 2034 924 2121">
     <span class='ocr_line' id='line_1_17' title="bbox 72 2034 924 2121; baseline 0.008 -29"><span class='ocrx_word' id='word_1_75' title='bbox 72 2034 180 2093; x_wconf 81' lang='lat' dir='ltr'><strong>adhibe</strong></span> <span class='ocrx_word' id='word_1_76' title='bbox 202 2035 238 2094; x_wconf 87' lang='lat' dir='ltr'><strong>ad</strong></span> <span class='ocrx_word' id='word_1_77' title='bbox 259 2035 389 2115; x_wconf 74' lang='lat' dir='ltr'><strong>inscide,</strong></span> <span class='ocrx_word' id='word_1_78' title='bbox 410 2045 461 2096; x_wconf 80' lang='lat' dir='ltr'><strong>aut</strong></span> <span class='ocrx_word' id='word_1_79' title='bbox 482 2040 511 2096; x_wconf 89' lang='lat' dir='ltr'><strong>in</strong></span> <span class='ocrx_word' id='word_1_80' title='bbox 524 2043 609 2112; x_wconf 71' lang='lat' dir='ltr'><strong>edre,</strong></span> <span class='ocrx_word' id='word_1_81' title='bbox 631 2041 795 2121; x_wconf 79' lang='lat' dir='ltr'><strong>umbraque</strong></span> <span class='ocrx_word' id='word_1_82' title='bbox 810 2043 924 2101; x_wconf 83' lang='lat' dir='ltr'><strong>exsicca</strong></span> 
     </span>
    </p>
   </div>
   <div class='ocr_carea' id='block_1_6' title="bbox 71 2131 726 2412">
    <p class='ocr_par' dir='ltr' id='par_1_6' title="bbox 71 2131 726 2412">
     <span class='ocr_line' id='line_1_18' title="bbox 71 2131 726 2232; baseline 0.006 -39"><span class='ocrx_word' id='word_1_83' title='bbox 71 2145 102 2193; x_wconf 91' lang='lat' dir='ltr'><strong>et</strong></span> <span class='ocrx_word' id='word_1_84' title='bbox 124 2136 152 2192; x_wconf 86' lang='lat' dir='ltr'><strong>in</strong></span> <span class='ocrx_word' id='word_1_85' title='bbox 174 2155 241 2193; x_wconf 81' lang='lat' dir='ltr'><strong>vase</strong></span> <span class='ocrx_word' id='word_1_86' title='bbox 262 2135 381 2212; x_wconf 83' lang='lat' dir='ltr'><strong>clauso,</strong></span> <span class='ocrx_word' id='word_1_87' title='bbox 402 2136 468 2197; x_wconf 85' lang='lat' dir='ltr'><strong>loco</strong></span> <span class='ocrx_word' id='word_1_88' title='bbox 490 2136 585 2232; x_wconf 62' lang='lat' dir='ltr'><strong>sicco,</strong></span> <span class='ocrx_word' id='word_1_89' title='bbox 606 2131 726 2220; x_wconf 73' lang='lat' dir='ltr'><strong>re‘pone.</strong></span> 
     </span>
     <span class='ocr_line' id='line_1_19' title="bbox 113 2231 696 2316; baseline 0.01 -24"><span class='ocrx_word' id='word_1_90' title='bbox 113 2231 230 2293; x_wconf 85' lang='lat' dir='ltr'><strong>Eodem</strong></span> <span class='ocrx_word' id='word_1_91' title='bbox 251 2233 344 2292; x_wconf 89' lang='lat' dir='ltr'><strong>modo</strong></span> <span class='ocrx_word' id='word_1_92' title='bbox 364 2249 577 2316; x_wconf 77' lang='lat' dir='ltr'><strong>praeparentur</strong></span> <span class='ocrx_word' id='word_1_93' title='bbox 694 2293 696 2298; x_wconf 91' lang='lat'><em>.</em></span> 
     </span>
     <span class='ocr_line' id='line_1_20' title="bbox 154 2335 284 2412; baseline 0.023 -23"><span class='ocrx_word' id='word_1_94' title='bbox 154 2335 284 2412; x_wconf 75' lang='lat' dir='ltr'><strong>Angites.</strong></span> 
     </span>
    </p>
   </div>
   <div class='ocr_carea' id='block_1_7' title="bbox 186 2481 690 2556">
    <p class='ocr_par' dir='ltr' id='par_1_7' title="bbox 186 2481 690 2556">
     <span class='ocr_line' id='line_1_21' title="bbox 186 2481 690 2556; baseline 0.014 -7"><span class='ocrx_word' id='word_1_95' title='bbox 186 2481 190 2490; x_wconf 75' lang='grc'><strong>’</strong></span> <span class='ocrx_word' id='word_1_96' title='bbox 262 2491 394 2552; x_wconf 82' lang='lat' dir='ltr'>ALOES</span> <span class='ocrx_word' id='word_1_97' title='bbox 416 2493 690 2556; x_wconf 85' lang='lat' dir='ltr'><strong>PURIFICATlO.</strong></span> 
     </span>
    </p>
   </div>
   <div class='ocr_carea' id='block_1_8' title="bbox 28 2607 922 3497">
    <p class='ocr_par' dir='ltr' id='par_1_8' title="bbox 28 2607 306 2706">
     <span class='ocr_line' id='line_1_22' title="bbox 28 2607 306 2706; baseline 0.007 -18"><span class='ocrx_word' id='word_1_98' title='bbox 28 2607 73 2706; x_wconf 55' lang='lat' dir='ltr'><strong>ld.</strong></span> <span class='ocrx_word' id='word_1_99' title='bbox 95 2628 185 2688; x_wconf 77' lang='lat' dir='ltr'><strong>Aloes</strong></span> <span class='ocrx_word' id='word_1_100' title='bbox 207 2629 246 2703; x_wconf 90' lang='lat' dir='ltr'><strong>Q.</strong></span> <span class='ocrx_word' id='word_1_101' title='bbox 269 2629 306 2690; x_wconf 85' lang='lat' dir='ltr'><strong>V.</strong></span> 
     </span>
    </p>

    <p class='ocr_par' dir='ltr' id='par_1_9' title="bbox 68 2726 922 3203">
     <span class='ocr_line' id='line_1_23' title="bbox 111 2726 920 2812; baseline 0.01 -27"><span class='ocrx_word' id='word_1_102' title='bbox 111 2726 144 2785; x_wconf 85' lang='lat' dir='ltr'><strong>si</strong></span> <span class='ocrx_word' id='word_1_103' title='bbox 165 2726 241 2787; x_wconf 83' lang='lat' dir='ltr'><strong>lorte</strong></span> <span class='ocrx_word' id='word_1_104' title='bbox 261 2729 356 2788; x_wconf 82' lang='lat' dir='ltr'><strong>minus</strong></span> <span class='ocrx_word' id='word_1_105' title='bbox 386 2747 461 2810; x_wconf 78' lang='lat' dir='ltr'><strong>pure</strong></span> <span class='ocrx_word' id='word_1_106' title='bbox 481 2727 596 2802; x_wconf 53' lang='lat' dir='ltr'><strong>suerits</strong></span> <span class='ocrx_word' id='word_1_107' title='bbox 615 2730 738 2792; x_wconf 72' lang='lat' dir='ltr'><strong>dissolve</strong></span> <span class='ocrx_word' id='word_1_108' title='bbox 762 2730 793 2792; x_wconf 89' lang='lat' dir='ltr'><strong>io</strong></span> <span class='ocrx_word' id='word_1_109' title='bbox 817 2734 920 2812; x_wconf 77' lang='lat' dir='ltr'><strong>Aquae</strong></span> 
     </span>
     <span class='ocr_line' id='line_1_24' title="bbox 68 2825 922 2912; baseline 0.008 -26"><span class='ocrx_word' id='word_1_110' title='bbox 68 2825 225 2886; x_wconf 84' lang='lat' dir='ltr'><strong>sufficienti</strong></span> <span class='ocrx_word' id='word_1_111' title='bbox 246 2826 420 2907; x_wconf 68' lang='lat' dir='ltr'><strong>quantitate.</strong></span> <span class='ocrx_word' id='word_1_112' title='bbox 449 2829 576 2908; x_wconf 80' lang='lat' dir='ltr'><strong>Digere,</strong></span> <span class='ocrx_word' id='word_1_113' title='bbox 609 2830 675 2890; x_wconf 81' lang='lat' dir='ltr'><strong>oola</strong></span> <span class='ocrx_word' id='word_1_114' title='bbox 702 2851 770 2892; x_wconf 87' lang='lat' dir='ltr'><strong>cum</strong></span> <span class='ocrx_word' id='word_1_115' title='bbox 800 2851 922 2912; x_wconf 80' lang='lat' dir='ltr'><strong>expres·</strong></span> 
     </span>
     <span class='ocr_line' id='line_1_25' title="bbox 70 2923 920 3010; baseline 0.006 -25"><span class='ocrx_word' id='word_1_116' title='bbox 70 2929 171 3001; x_wconf 84' lang='lat' dir='ltr'><strong>sione,</strong></span> <span class='ocrx_word' id='word_1_117' title='bbox 192 2923 222 2984; x_wconf 90' lang='lat' dir='ltr'><strong>in</strong></span> <span class='ocrx_word' id='word_1_118' title='bbox 242 2945 311 2986; x_wconf 83' lang='lat' dir='ltr'><strong>vose</strong></span> <span class='ocrx_word' id='word_1_119' title='bbox 332 2925 414 2984; x_wconf 84' lang='lat' dir='ltr'><strong>fictili</strong></span> <span class='ocrx_word' id='word_1_120' title='bbox 435 2928 562 2988; x_wconf 73' lang='lat' dir='ltr'><strong>vitreato</strong></span> <span class='ocrx_word' id='word_1_121' title='bbox 585 2947 693 3010; x_wconf 78' lang='lat' dir='ltr'><strong>tepora</strong></span> <span class='ocrx_word' id='word_1_122' title='bbox 714 2940 744 2989; x_wconf 86' lang='lat' dir='ltr'><strong>et</strong></span> <span class='ocrx_word' id='word_1_123' title='bbox 762 2929 816 2990; x_wconf 84' lang='lat' dir='ltr'><strong>tub</strong></span> <span class='ocrx_word' id='word_1_124' title='bbox 830 2929 920 2990; x_wconf 85' lang='lat' dir='ltr'><strong>finem</strong></span> 
     </span>
     <span class='ocr_line' id='line_1_26' title="bbox 69 3025 920 3110; baseline 0.005 -27"><span class='ocrx_word' id='word_1_125' title='bbox 69 3026 100 3083; x_wconf 89' lang='lat' dir='ltr'><strong>io</strong></span> <span class='ocrx_word' id='word_1_126' title='bbox 122 3025 228 3102; x_wconf 83' lang='lat' dir='ltr'><strong>balneo</strong></span> <span class='ocrx_word' id='word_1_127' title='bbox 251 3045 365 3104; x_wconf 79' lang='lat' dir='ltr'><strong>aquoso</strong></span> <span class='ocrx_word' id='word_1_128' title='bbox 395 3025 432 3086; x_wconf 83' lang='lat' dir='ltr'><strong>ad</strong></span> <span class='ocrx_word' id='word_1_129' title='bbox 462 3026 642 3089; x_wconf 78' lang='lat' dir='ltr'><strong>humiditatis</strong></span> <span class='ocrx_word' id='word_1_130' title='bbox 666 3031 920 3110; x_wconf 84' lang='lat' dir='ltr'><strong>consumptionem</strong></span> 
     </span>
     <span class='ocr_line' id='line_1_27' title="bbox 69 3105 545 3203; baseline 0.008 -23"><span class='ocrx_word' id='word_1_131' title='bbox 69 3105 213 3203; x_wconf 62' lang='lat' dir='ltr'><strong>inspisut.v</strong></span> <span class='ocrx_word' id='word_1_132' title='bbox 541 3131 545 3138; x_wconf 85' lang='lat'>&#39;</span> 
     </span>
    </p>

    <p class='ocr_par' dir='ltr' id='par_1_10' title="bbox 191 3221 893 3303">
     <span class='ocr_line' id='line_1_28' title="bbox 191 3221 893 3303; baseline 0.001 -22"><span class='ocrx_word' id='word_1_133' title='bbox 191 3221 283 3282; x_wconf 78' lang='lat' dir='ltr'><strong>Dotis</strong></span> <span class='ocrx_word' id='word_1_134' title='bbox 302 3243 323 3282; x_wconf 87' lang='lat' dir='ltr'><em>a</em></span> <span class='ocrx_word' id='word_1_135' title='bbox 343 3224 486 3303; x_wconf 77' lang='lat' dir='ltr'><strong>scrupulo</strong></span> <span class='ocrx_word' id='word_1_136' title='bbox 507 3223 551 3284; x_wconf 80' lang='lat' dir='ltr'><strong>ud</strong></span> <span class='ocrx_word' id='word_1_137' title='bbox 572 3225 759 3286; x_wconf 62' lang='lat' dir='ltr'><strong>ebusinam.</strong></span> <span class='ocrx_word' id='word_1_138' title='bbox 889 3269 893 3282; x_wconf 93' lang='lat'>.</span> 
     </span>
    </p>

    <p class='ocr_par' dir='ltr' id='par_1_11' title="bbox 112 3317 920 3404">
     <span class='ocr_line' id='line_1_29' title="bbox 112 3317 920 3404; baseline 0.002 -26"><span class='ocrx_word' id='word_1_139' title='bbox 112 3317 207 3378; x_wconf 89' lang='lat' dir='ltr'><strong>Simili</strong></span> <span class='ocrx_word' id='word_1_140' title='bbox 227 3319 318 3380; x_wconf 86' lang='lat' dir='ltr'><strong>modo</strong></span> <span class='ocrx_word' id='word_1_141' title='bbox 332 3320 525 3402; x_wconf 80' lang='lat' dir='ltr'><strong>puriliotmtur</strong></span> <span class='ocrx_word' id='word_1_142' title='bbox 538 3322 696 3401; x_wconf 75' lang='lat' dir='ltr'><strong>Eutrectn,</strong></span> <span class='ocrx_word' id='word_1_143' title='bbox 717 3321 920 3404; x_wconf 79' lang='lat' dir='ltr'><strong>lnspissemeu·</strong></span> 
     </span>
    </p>

    <p class='ocr_par' dir='ltr' id='par_1_12' title="bbox 71 3427 170 3497">
     <span class='ocr_line' id='line_1_30' title="bbox 71 3427 170 3497; baseline -0.01 -21"><span class='ocrx_word' id='word_1_144' title='bbox 71 3427 170 3497; x_wconf 79' lang='lat' dir='ltr'><strong>tuque.</strong></span> 
     </span>
    </p>
   </div>
   <div class='ocr_carea' id='block_1_9' title="bbox 0 0 1197 4142">
    <p class='ocr_par' dir='ltr' id='par_1_13' title="bbox 0 0 1197 4142">
     <span class='ocr_line' id='line_1_31' title="bbox 0 0 1197 4142; baseline 0 0"><span class='ocrx_word' id='word_1_145' title='bbox 0 0 1197 4142; x_wconf 95' lang='lat' dir='ltr'><strong> </strong></span> 
     </span>
    </p>
   </div>
  </div>
 </body>
</html>
