2368 4142
230 259 253 330 8
572 278 758 328 natarat-10

208 385 212 394 ⁵
229 391 452 491 eiusdemque
466 405 605 464 naturae
624 389 840 490 peritissimi,
865 391 958 464 haud
972 418 1098 491 parum

229 510 395 580 iuteresse
422 509 515 606 apud
540 534 578 580 se
603 523 816 605 statuerunt,
853 534 964 582 novos
991 512 1098 583 effor-

227 650 323 696 mare
348 629 536 719 traetatus',
562 639 620 695 aut
645 639 777 697 veteres
810 629 999 726 corrigere,
1033 653 1097 700 eos

228 742 454 838 praesertim,
480 742 537 838 qui
565 733 894 832 deJmedieamentis
913 760 1035 842 agunt,
1060 758 1099 819 et

230 856 275 928 de
305 881 448 954 quorum
487 856 728 950 emendatione
763 883 880 929 curam
914 861 1097 961 adhibuit,

140 993 143 1000 ·
230 972 440 1072 adhibetque
479 975 697 1074 magistratus
732 1001 834 1072 quam
872 976 1095 1074 diligentissi·
1130 1017 1137 1027 s

229 1115 344 1184 marn,
371 1104 525 1161 exactam
543 1073 747 1161 methodum
764 1091 976 1190 formamque
992 1121 1095 1192 prae·

229 1205 384 1277 scribens
412 1207 572 1276 omnibus
597 1209 645 1276 rei
671 1206 971 1278 Pharmaceutieae
992 1236 1094 1307 prae-

229 1321 448 1419 ceptoribus,
474 1345 558 1418 quas
585 1334 769 1419 sequantur
793 1335 862 1392 tarn
880 1325 963 1420 ipsi,
990 1353 1095 1424 quam

227 1437 385 1533 ipsorum
411 1437 609 1530 auditores,
634 1450 735 1534 atque
760 1436 804 1506 ab
830 1439 879 1508 eis
905 1463 949 1510 ne
984 1453 1096 1515 trans·

229 1553 440 1646 versum,'ut
457 1555 565 1648 ajunt,
583 1577 729 1647 unguem
748 1577 869 1625 omnes
888 1553 1094 1632 desciscant

229 1668 282 1742 Ea
319 1681 463 1765 propter
498 1669 638 1762 Regium
675 1668 862 1740 Consilium
899 1674 949 1742 rei
985 1673 1095 1771 ipsius

229 1784 460 1882 amplissimae
499 1784 734 1881 gubernationi
772 1789 1007 1884 praepositum
1047 1794 1094 1864 ad

230 1925 378 1996 unguem
395 1903 515 1974 itidem
534 1904 662 1974 servari
682 1904 777 1995 iussit
793 1904 967 2002 Hispanae
988 1908 1096 1981 Phar-

215 2003 443 2121 'macopoeae
459 2019 623 2091 editionis
642 2022 760 2091 tertiae
773 2023 979 2094 Matritensis
993 2049 1095 2122 prae·

231 2133 456 2232 scriptiones,
474 2137 568 2208 errius
581 2136 786 2236 exemplaria
801 2165 877 2210 cram
895 2141 965 2212 sint
977 2146 1095 2216 omnia

229 2265 459 2350 consumpta,
492 2257 706 2351 maximeque
737 2269 772 2324 et
805 2279 823 2323 a
858 2260 1094 2353 praeceptori·

230 2367 317 2461 bus,
343 2381 378 2438 et
395 2368 621 2439 acandidatis
640 2369 899 2463 desiderentur,
923 2370 1018 2442 idem
1035 2373 1096 2444 Su·

230 2509 386 2582 premam
413 2483 601 2554 Consilium
618 2487 739 2556 iterum
756 2485 891 2580 recudi,
918 2501 952 2556 et
969 2512 988 2557 a
1005 2509 1094 2559 non·

230 2599 330 2672 nullis
344 2653 354 2696 ,
381 2601 436 2698 qui
463 2601 685 2697 irrepserant,
719 2600 908 2695 erroribus,
938 2605 1094 2698 quamvis

121 2769 128 2786 ,
230 2717 330 2816 parvi
355 2726 472 2786 esseut
486 2717 665 2809 momenti,
682 2716 828 2812 purgari,
852 2715 1095 2814 emendarique

233 2833 383 2926 curavit,
423 2855 567 2927 eumque
601 2831 647 2900 ad
680 2831 715 2900 id
754 2829 982 2901 obtinendum
1006 2833 1092 2904 nihil

232 2949 405 3046 reliquerit
429 2949 655 3040 intentatum,
679 2943 803 3016 nullum
829 2944 900 3015 lieri
925 2946 960 3015 in
987 2969 1094 3044 opere

233 3065 541 3138 commutationem
566 3062 612 3132 ad
636 3061 789 3134 eiusdem
825 3073 999 3156 naturam,
1033 3087 1094 3136 seu

210 3269 212 3278 .
233 3173 418 3258 essentiam
444 3180 695 3276 pertinentem,
718 3188 772 3247 est
797 3173 862 3246 sibi
881 3167 1093 3268 gratulatum.

219 3283 221 3288 ⁵
282 3297 509 3370 Nihilominus
535 3305 679 3394 quatuor
701 3290 786 3361 haee
804 3301 951 3361 statuere
969 3285 1094 3386 operae

234 3417 382 3516 pretium
408 3413 583 3508 duximus,
598 3411 665 3521 ,qui
691 3429 780 3480 nuuc
805 3408 840 3477 in
866 3404 990 3477 eodem
1007 3405 1095 3481 Con·
