2382 4140
403 239 603 302 ,suammet
759 249 766 254 ’
879 219 945 319 ¹75

126 354 172 417 .Ν.
194 355 229 418 B.
261 353 294 418 Si
323 356 476 438 praedicto
506 359 676 442 Emplastra
705 357 854 425 eddidetis
873 357 944 419 otei

93 453 246 515 otvarum
268 457 366 514 uncias
386 467 531 536 quatuor,
549 455 673 520 hebebis
696 457 849 520 Cmtruts
871 475 945 518 ιπο·

93 573 203 618 ninum.

59 756 335 818 EMPLASTRUM
357 756 608 821 CARBONATIS
630 759 780 821 PLUMBI
802 757 941 822 USTUM
1055 786 1060 794 ·

385 859 627 960 (uenatum).
739 880 742 892 ·

56 1015 94 1115 id.
116 1037 231 1100 Radicis
253 993 402 1101 Althaeae,

253 1143 419 1204 Arundinis.

255 1241 335 1304 ireos
356 1242 457 1304 uncias
478 1255 547 1305 tres.

468 1111 523 1153 sua
543 1088 645 1153 uncias
665 1091 759 1172 duas,

134 1338 244 1400 Incisus
265 1361 382 1400 macera
403 1341 434 1400 in
456 1342 521 1401 Oiei
544 1339 699 1402 Olivamm
730 1337 812 1401 iibris
833 1338 949 1412 tribum

96 1439 163 1502 dein
184 1461 281 1523 coque
302 1443 340 1503 ad
363 1440 546 1514 humiditatis
574 1437 842 1524 consumptionem.
876 1439 951 1502 Coie
1060 1497 1075 1524 ν

95 1552 127 1603 et
146 1543 274 1604 admisce

115 1643 291 1704 carbonam
313 1643 431 1705 Plumbi
452 1641 600 1725 puivereti
619 1642 721 1704 uncias
741 1661 817 1718 sex,

116 1741 222 1825 Oxydi
243 1739 327 1801 Zinci
349 1741 578 1804 Semivitriticad
599 1739 737 1824 laevigati
756 1739 858 1804 uncias
881 1752 950 1804 tres.

135 1844 231 1922 Perge
251 1863 382 1923 coquere
404 1841 539 1922 spathuie
560 1840 746 1903 continenter
758 1840 899 1925 agitando
913 1842 951 1902 nd

93 1942 256 2025 Emplastri
277 1940 374 2002 moltis
396 1940 584 2022 spissitatem.
598 1940 677 2002 Dein
692 1941 770 2002 adde
791 1943 884 2027 Cerne
900 1941 952 2002 Ci-

10 2041 14 2054 ’
95 2042 191 2104 trinae
211 2041 313 2103 uncins
335 2053 473 2123 quatuor.

60 2169 62 2174 s
138 2145 226 2204 Tunc
247 2144 380 2225 decoque
403 2143 441 2202 ad
461 2141 591 2202 debitam
622 2141 818 2220 densitatem,
850 2162 884 2204 sc
914 2141 952 2204 ab

94 2245 164 2324 igne
185 2247 305 2304 semotis
326 2255 357 2304 et
380 2240 648 2324 semirefiigeratis,
677 2243 798 2308 affunde
827 2244 953 2306 Baisami

93 2342 176 2426 Nigri
197 2346 311 2407 unciam
333 2347 429 2407 semis.

135 2447 222 2527 Agita
242 2457 273 2506 ct
289 2443 346 2506 fiat
365 2444 578 2526 Emplastrum.
603 2481 608 2488 -

262 2601 540 2666 emissenam
562 2573 750 2665 cicures.

52 2725 93 2830 tt).
117 2749 245 2809 Resinae
268 2745 441 2808 Communis
461 2743 552 2808 libras
574 2744 650 2808 duas
669 2755 701 2807 et
721 2745 821 2808 uncins
842 2744 933 2823 dues,

118 2849 214 2910 Cerae
236 2845 365 2908 Citrinae
386 2846 491 2908 libram
512 2867 620 2928 unem,

117 2945 185 3008 Olei
208 2945 358 3006 Oiivarum
379 2943 482 3006 uncias
504 2958 571 3005 tres.

136 3044 318 3130 Liquefactis
339 3047 406 3126 igne
426 3043 503 3119 teni,
523 3045 599 3106 adde

117 3145 242 3208 Cicutae
263 3147 386 3205 recentis
406 3156 549 3206 contusae
571 3145 658 3205 libras
678 3143 763 3206 duas.

138 3245 246 3326 Coque
266 3241 305 3301 ad
327 3246 416 3303 totius
436 3244 497 3303 fere
517 3242 699 3304 humiditatis
728 3241 953 3306 exhalationem.

137 3342 213 3406 cota
228 3363 295 3404 cum
311 3346 515 3425 expressione,
535 3342 678 3424 inignem
690 3341 792 3424 redige
807 3354 837 3404 et
851 3342 944 3424 adjice

115 3443 206 3504 Succi
228 3441 347 3502 Cicutae
369 3457 506 3504 recenter
525 3441 648 3504 extracti
680 3453 711 3540 et
731 3463 791 3506 non
812 3442 953 3506 defaecati

157 3541 247 3604 libres
267 3553 402 3625 quatuor.
