2382 4140
105 303 109 315 “
240 279 308 376 178
584 253 783 350 nnrntsrns

294 411 525 474 Terebinthinae
547 413 651 474 libram
673 413 771 477 semis.

313 514 470 586 Resinam,
492 515 600 574 Geram
614 529 646 576 et
660 512 905 576 Terebinthinam
928 513 1017 576 simui
1042 513 1138 598 liqua-

273 627 319 674 tos
340 628 371 673 et
390 613 501 674 notatas
524 614 599 676 adde
620 613 792 696 Emplastno
813 613 925 696 liquato
946 617 1016 696 igne
1040 615 1139 689 lento,

245 769 247 774 .
274 725 304 774 et
324 715 436 795 optime
458 715 657 788 misceantur,
679 713 818 779 nddcndo
838 714 894 776 sub
915 713 1008 776 finem
1032 716 1138 798 OEsy·

274 835 344 895 pum
366 834 435 872 cum
453 813 676 896 Ichthyocoiiae
691 812 837 874 solutione
851 816 880 872 in
896 805 1041 874 mortario
1058 815 1136 896 prius

242 947 244 952 ,
272 911 430 983 coalitum,
451 927 635 993 postremum
658 929 728 973 vero
750 910 920 992 digerantur
940 913 980 972 ad
1000 910 1136 973 intimam

274 1011 414 1072 unionem
435 1027 466 1072 et
485 1009 670 1074 humiditatis
690 1011 962 1094 consumptionem.

244 1210 527 1272 EMPLASTRUM
550 1209 684 1270 OXYDI
704 1209 1123 1274 Potitum-GUMMATUM

451 1349 659 1431 (Diacirylnm
685 1352 912 1432 Grrmmatum).

234 1490 273 1591 Β).
295 1512 456 1596 Emplastii
477 1534 567 1595 supra
588 1509 728 1598 descripti
749 1513 837 1575 libras
858 1527 934 1590 tres,

297 1615 416 1676 Gummi
440 1616 566 1675 Galbani

436 1711 641 1794 Ammoniaci,

435 1795 563 1885 notin,

439 1907 597 1992 Sagapeni.

180 2090 185 2099 Ι
298 2010 370 2077 Vini
391 2011 454 2072 dibi
476 2010 579 2072 libram
601 2031 701 2072 unam.

315 2110 581 2197 Emplastro.igne
612 2112 693 2173 lento
722 2111 837 2195 liquato
858 2127 888 2176 et
909 2115 1009 2179 adhue
1031 2117 1136 2179 calenti

276 2211 352 2296 adde
376 2213 498 2274 Gummi
519 2217 547 2274 in
568 2212 650 2277 Vino
671 2215 788 2289 soluta,
814 2217 911 2276 coiatn
932 2217 1022 2278 etad
1045 2218 1134 2280 meliis

276 2312 493 2394 spissitudinem
524 2312 593 2395 igne
612 2313 694 2375 lento
718 2331 896 2396 evaporata.
930 2315 1072 2396 agitando
1101 2318 1135 2376 ad

275 2415 437 2495 perfectam
458 2414 655 2489 mixtionem
684 2409 787 2498 postca
810 2415 958 2477 lenissime
981 2438 1079 2500 coque
1100 2419 1135 2478 ad

274 2512 460 2574 humiditatis
470 2515 727 2595 consumptionem
742 2526 773 2576 et
787 2517 883 2576 sonna
897 2515 1049 2599 cylindros
1061 2517 1092 2579 S.
1103 2521 1135 2579 Δ.

328 2673 611 2736 EMPLASTRUM
629 2675 825 2738 RANdRUM
847 2675 1045 2740 stupeum

236 2791 277 2894 iii.
297 2815 393 2877 Ranas
414 2819 546 2879 viventes
567 2817 781 2900 quadraginta,

295 2915 443 2979 Radicum
464 2921 624 3004 recentium
647 2917 756 2994 muti,
914 2941 971 2980 nna
1001 2921 1133 3004 sesquili-

647 3017 813 3079 Bardanae.
934 3019 1039 3092 brem,

297 3115 382 3178 Aceti
403 3117 489 3178 libras
511 3130 588 3194 tres,

296 3221 399 3298 Aquae
420 3216 507 3278 libras
530 3238 649 3278 norem.

316 3317 437 3379 Manere
457 3337 509 3399 per
528 3317 654 3378 biduum
675 3328 706 3379 et
727 3337 824 3402 coque
845 3315 884 3378 nd
902 3314 1053 3382 dimidias.

318 3418 405 3480 Tunc
426 3438 511 3479 sunia

752 1785 809 1825 ana
830 1762 948 1827 unciam
970 1785 1081 1840 unnm,

296 3517 422 3582 Deoocti
443 3520 530 3580 colati
550 3531 581 3580 et
601 3515 734 3600 expressi
754 3515 845 3582 libras
866 3519 1023 3602 quinque,
