2398 4144
240 291 318 342 202.
523 329 525 333 .
583 285 782 340 ALKOHOUA

328 501 528 584 pLKottOL
549 501 753 570 NlTRlCUM
775 499 1037 596 AETHEItEUM

484 639 632 722 (Spiritus
652 639 737 702 Nt'tri
756 639 885 718 dulcis).

236 777 275 878 tt).
297 798 381 861 Acidi
402 798 502 860 Nitrici
524 800 629 866 libram
652 821 764 872 uuam,

296 900 446 961 Attoholis
468 899 539 963 Vini
561 899 649 961 libras
672 901 770 961 duas.'

317 1001 450 1082 Procede
470 1000 501 1060 in
522 999 712 1062 distillatione
734 1011 768 1060 ut
789 1021 888 1081 supra.

367 1103 459 1164 Doris
479 1123 500 1163 a
521 1102 733 1183 semiscrupulo
753 1101 797 1160 ad
815 1102 1004 1182 scrupulum.

450 1218 618 1322 aarum
641 1259 944 1358 SULPHURICUQ
1068 1265 1071 1272 ’

235 1375 274 1476 il.
298 1395 539 1460 inomni-vini
562 1394 651 1456 tibris
672 1416 743 1468 sex,
904 1467 909 1472 ,

203 1549 205 1557 .
296 1495 377 1556 Aridi
399 1494 567 1577 Sulphuriei
588 1495 675 1560 lbras
696 1506 822 1576 septem.

315 1595 429 1658 Instills
450 1597 590 1678 paulatim
622 1595 748 1656 Acidum
778 1616 867 1676 supro
899 1595 1079 1660 Alloholent
1108 1597 1137 1658 in

275 1711 387 1759 retorta
408 1697 502 1758 vitrea
524 1708 695 1778 exceptum,
725 1699 885 1758 mixturam
904 1701 959 1778 pei
980 1700 1137 1762 intervalla

275 1796 425 1880 agitando.
455 1799 611 1857 Retortam
639 1796 807 1856 tubulatam
836 1794 868 1856 in
896 1797 1006 1859 balneo
1027 1820 1137 1861 menae

275 1900 356 1980 prius
378 1896 521 1957 calefacto
542 1895 667 1955 colloca.
687 1896 922 1977 Receptaculum
937 1897 1089 1979 admove,
1110 1913 1140 1960 et

275 1998 416 2058 mediocri
435 1995 503 2077 ignc
524 1995 630 2056 dissita
651 1994 772 2076 liquoris
792 1997 894 2058 uncias
917 1996 1037 2060 circiter
1060 2011 1138 2060 tres:

274 2097 381 2179 quibus
402 2096 543 2169 semotis,
563 2097 734 2178 apta'uliud
756 2097 975 2180 receptaculum
993 2100 1138 2181 amplum,

274 2197 452 2274 foraminulo
473 2208 577 2258 exacte
600 2197 740 2258 obturato
761 2219 892 2279 superne
914 2213 1090 2279 pertusum,
1109 2215 1137 2260 et

273 2297 364 2357 linteo
377 2296 544 2358 madefacto
560 2300 674 2377 snepius
690 2297 863 2359 renovando
876 2299 1074 2379 coopertum}
1088 2321 1139 2361 ssu

275 2400 371 2477 potius
393 2398 453 2457 duo
475 2396 630 2477 excipula,
651 2395 864 2478 primumcum
880 2398 974 2457 altero
988 2397 1138 2480 posterius

274 2496 510 2563 communicans,
534 2495 733 2554 commissuris
754 2495 831 2553 Mica
853 2494 941 2556 Panis
963 2516 1033 2555 cum
1054 2499 1138 2578 Aqua

272 2583 399 2654 subacta
420 2595 474 2653 rite
495 2593 611 2652 clausis.
632 2589 750 2650 Distilla
765 2591 959 2653 ebullientem
975 2594 1138 2676 liquorem,

275 2694 370 2754 donec
383 2696 413 2753 in
428 2706 589 2772 utrumque
604 2690 775 2773 excipulum
793 2691 928 2778 triginta,
950 2704 1004 2754 aut
1017 2692 1139 2776 triginta

275 2793 353 2852 duae
376 2792 480 2853 unciae
504 2790 689 2866 transierint3
712 2792 793 2872 quod
815 2795 952 2867 eveniet,
978 2802 1139 2874 antequam

275 2913 396 2975 vapores
418 2891 568 2974 su'phurei
591 2888 702 2973 percipi
724 2889 865 2972 incipiant
885 2912 922 2952 ex
942 2891 1140 2962 foramiaulo.

275 3014 364 3076 quern
385 2991 549 3062 identidem
570 2995 646 3050 inter
674 2988 876 3052 distillandum
904 2989 1073 3091 peserabis,
1109 3001 1141 3050 ut

273 3113 362 3173 gases
383 3085 520 3168 avolent,
541 3095 591 3173 qui
613 3091 746 3150 Aetheris
767 3089 1027 3174 condennationem
1048 3091 1141 3172 impe-

276 3193 383 3254 dirent.
405 3192 491 3255 Varis
512 3190 712 3272 refrigeratis,
733 3188 840 3271 liquori
872 3188 1015 3250 distillato
1048 3203 1079 3250 et
1101 3188 1138 3248 ab

276 3314 353 3374 aqua
373 3289 488 3351 acidula
502 3312 556 3372 por
568 3289 784 3350 infundibulum
806 3299 958 3369 separato,
978 3287 1057 3348 udde
1073 3287 1143 3348 Cal·

275 3389 317 3450 cis
331 3389 425 3472 pridie
441 3395 544 3470 Aquae
558 3408 615 3467 ope
629 3386 660 3446 in
674 3387 827 3468 pulverem
841 3388 1003 3446 exstinctae
1018 3387 1140 3446 unciam

278 3493 381 3566 semim
402 3500 433 3551 et
453 3511 487 3550 ex
507 3499 619 3549 retorta
641 3485 783 3570 lampadis
803 3483 888 3567 igne,
914 3505 968 3546 seu
988 3483 1141 3572 leuissimo
